2456 4016
459 338 656 375 versus
679 320 898 375 laevam
926 320 1115 391 (quae,
1136 340 1208 375 ex
1232 321 1352 390 ipsa
1376 321 1670 391 positione,
1695 323 1883 376 minor
1907 321 1979 377 sit
2002 323 2292 378 continua-

459 410 614 467 tione
655 411 822 466 AXF
862 430 1060 467 versus
1103 413 1341 467 eandem
1383 412 1633 483 laevam)
1685 413 1932 483 aequalis
1975 413 2179 468 iterum
2222 414 2293 468 sit

462 503 644 557 eidem
677 503 1086 558 continuationi
1120 522 1317 558 versus
1350 505 1660 568 dexteram,
1696 522 1838 574 quae
1871 513 2035 568 certe,
2070 523 2142 559 ex
2174 505 2294 574 ipsa

463 612 690 649 rursum
717 595 1012 664 positione,
1041 594 1233 664 major
1259 603 1343 649 est
1368 594 1654 665 praedicta
1681 595 2103 650 continuatione
2131 596 2294 649 AXF

464 703 660 740 versus
692 687 930 740 eandem
964 687 1273 740 dexteram.

582 777 716 831 Non
756 795 895 848 ergo
934 777 992 831 in
1032 795 1099 831 eo
1139 796 1274 832 arcu
1314 777 1413 833 BC
1453 779 1566 832 duo
1604 777 1740 833 talia
1781 778 2021 832 inveniri
2060 787 2297 848 possunt

464 877 671 938 puncta
697 869 780 932 M,
809 877 863 923 et
887 869 950 932 F,
979 869 1051 923 ad
1076 887 1219 938 quae
1244 868 1473 939 junctae
1500 869 1643 933 XM,
1673 878 1727 924 et
1752 869 1876 933 XF,
1905 870 2045 924 duas
2072 869 2298 924 exhibe-

464 968 562 1014 ant
585 959 1054 1024 continuationeS‚
1081 978 1254 1015 unam
1278 959 1479 1024 AXM,
1507 969 1560 1015 et
1584 960 1820 1015 alteram
1844 960 2025 1025 AXR
2052 958 2291 1031 qua-[80]

467 1069 593 1106 rum
635 1060 875 1121 utraque
917 1051 989 1106 sit
1031 1051 1134 1106 sibi
1178 1051 1300 1121 ipsi,
1344 1053 1517 1106 modo
1561 1052 1682 1122 jam
1725 1052 2020 1121 explicatO,
2067 1052 2299 1107 omnino

467 1142 681 1207 similis,
710 1151 807 1198 aut
831 1142 1118 1213 aequali&
1164 1143 1336 1198 Unde
1360 1144 1590 1198 tandem
1616 1143 1979 1213 consequitur
2005 1143 2174 1199 incidi
2201 1144 2300 1199 ali-

467 1235 695 1305 quando
735 1234 936 1289 debere
975 1234 1033 1288 in
1074 1253 1267 1299 unum,
1311 1235 1571 1305 idemque
1610 1244 1881 1305 punctum
1921 1236 1992 1299 D,
2036 1236 2108 1290 ad
2149 1236 2299 1306 quod

467 1325 664 1396 juncta
695 1326 810 1380 XD
840 1326 1011 1380 talem
1043 1326 1305 1381 exhibeat
1338 1326 1820 1381 continuationem
1852 1326 2041 1391 AXD,
2076 1327 2164 1382 cui
2196 1326 2300 1381 soli

467 1417 767 1472 conveniat
805 1418 993 1488 (facta
1021 1417 1443 1487 comparatione
1473 1417 1619 1472 inter
1647 1417 1884 1482 laevam,
1915 1437 1979 1472 ac
2009 1419 2301 1473 dexteram

469 1508 718 1580 partem)
778 1527 899 1564 esse
948 1509 1052 1564 sibi
1102 1508 1207 1579 ipsi
1256 1509 1489 1564 omnino
1538 1509 1795 1573 similem,
1848 1518 1945 1564 aut
1993 1509 2297 1580 aequalem.

470 1600 642 1671 Quod
670 1609 790 1656 erat
818 1601 925 1656 hoc
952 1600 1077 1656 loco
1108 1601 1629 1656 demonstrandum.

587 1692 732 1747 Dico
774 1693 1005 1747 tandem
1047 1692 1275 1762 quinto:
1320 1711 1445 1746 eam
1487 1692 1667 1746 solam
1710 1691 1882 1745 AXD
1928 1692 2055 1747 fore
2097 1692 2300 1747 lineam

469 1792 698 1849 rectam,
736 1783 1007 1838 nimirum
1042 1802 1114 1838 ex
1150 1783 1206 1837 A
1241 1802 1340 1854 per
1376 1783 1431 1837 X
1469 1782 1678 1838 directe
1713 1784 2100 1839 continuatam
2135 1784 2192 1838 in
2230 1785 2299 1838 D.

472 1875 750 1946 Quamvis
789 1875 940 1930 enim
978 1875 1034 1946 ly
1075 1894 1148 1930 ex
1184 1893 1381 1945 aequa,
1422 1875 1479 1929 in
1518 1874 1845 1930 definitione
1884 1875 2062 1930 lineae
2104 1885 2301 1939 rectae,

472 1966 739 2037 applicari
788 1966 1050 2037 primitus
1098 1966 1297 2021 debeat
1345 1967 1566 2036 punctis
1614 1967 1962 2022 intermediis
2013 1967 2184 2022 relate
2232 1968 2304 2022 ad

472 2067 679 2129 puncta
715 2058 889 2129 ipsius
926 2067 1210 2124 extrema;
1247 2060 1397 2114 unde
1433 2058 1626 2129 utique
1662 2058 1782 2129 jam
1817 2058 2124 2123 elicuimuS,
2164 2059 2306 2113 duas

473 2149 650 2205 lineas
681 2159 865 2205 rectas
895 2169 1011 2205 non
1044 2152 1303 2205 claudere
1334 2149 1578 2221 spatium
1597 2170 1608 2216 ;
1643 2150 1878 2221 intelligi
1912 2159 2101 2205 tamen
2135 2151 2304 2205 etiam

474 2242 636 2297 debet
665 2243 733 2297 de
762 2242 1022 2312 ejusdem
1051 2250 1234 2297 rectae
1264 2242 1443 2297 lineae
1473 2241 1894 2296 continuatione
1923 2240 1982 2296 in
2012 2240 2302 2296 directum.

474 2334 673 2404 Itaque
711 2352 775 2388 ea
812 2334 932 2389 sola
970 2333 1085 2388 XD
1132 2334 1221 2403 (in
1259 2334 1458 2388 eodem
1494 2352 1622 2388 cum
1658 2332 1772 2386 AX
1809 2333 1978 2402 plano
2016 2333 2297 2403 existens)

475 2426 692 2481 dicetur
729 2444 849 2480 esse
887 2425 1237 2480 continuatio
1275 2433 1444 2490 recta,
1485 2424 1601 2479 sive
1639 2423 1697 2478 in
1736 2433 1949 2479 rectum
1989 2425 2306 2494 praedictae

476 2517 606 2581 AX,
652 2518 879 2587 quando
923 2516 1045 2587 ipsa
1086 2535 1265 2586 neque
1309 2516 1366 2570 in
1408 2516 1644 2580 laevam,
1690 2535 1870 2586 neque
1913 2516 1971 2570 in
2014 2518 2306 2571 dexteram

476 2608 624 2664 illius
657 2617 875 2679 partem
909 2617 1231 2679 convergat,
1268 2609 1365 2662 sed
1397 2607 1661 2677 utrinque
1696 2627 1767 2662 ex
1800 2626 1977 2678 aequo
2011 2609 2307 2678 procedat3

476 2701 620 2756 adeo
643 2709 705 2756 ut
728 2719 927 2769 nempe
952 2699 1302 2754 continuatio
1327 2699 1421 2754 illa
1446 2699 1618 2753 AXD
1643 2718 1840 2754 versus
1865 2700 2084 2754 laevam
2110 2700 2307 2754 similis

476 2792 640 2863 plane
682 2792 770 2856 sit,
814 2800 912 2847 aut
953 2791 1202 2862 aequalis
1244 2790 1426 2846 eidem
1468 2790 1876 2846 continuationi
1921 2791 2307 2846 consideratae

477 2902 675 2939 versus
712 2884 1021 2938 dexteram.
1101 2882 1241 2937 Inde
1277 2882 1428 2937 enim
1466 2882 1576 2946 fiet,
1614 2891 1676 2938 ut
1711 2881 1790 2936 illi
1827 2882 1931 2937 soli
1969 2881 2141 2936 AXD
2177 2901 2308 2937 con-

478 2975 667 3030 veniat
694 2993 809 3030 non
838 2993 1002 3046 posse
1030 2974 1099 3029 ab
1128 2993 1193 3029 ea
1222 2973 1426 3044 suscipi
1458 2974 1515 3028 in
1544 2993 1610 3029 eo
1638 2973 1735 3028 tali
1766 2974 1934 3043 plano
1963 2974 2131 3028 aliam
2161 2973 2308 3044 posi-

479 3066 691 3122 tionem
725 3066 829 3122 sub
860 3066 955 3121 illa
988 3065 1223 3121 immota
1258 3065 1371 3119 AX
1390 3084 1401 3131 3
1435 3083 1564 3120 cum
1597 3073 1744 3120 certe
1788 3064 1891 3135 (ex
1925 3064 2045 3135 jam
2078 3066 2308 3120 demon—
