2456 4016
460 313 655 369 nuatio
682 313 738 370 in
765 314 1040 370 directum
1067 316 1526 386 praesuppositae
1553 317 1854 387 cujusdam
1880 316 2147 388 simplicis
2175 336 2291 372 rec-

459 414 550 460 tae
579 404 694 459 AX
726 422 841 461 non
872 406 983 461 alia
1013 424 1133 461 esse
1165 406 1498 478 intelligitur
1528 417 1749 478 praeter
1780 427 1952 463 unam
1983 408 2114 473 XD,
2148 427 2290 479 quae

461 515 532 550 ex
557 515 736 568 aequo
763 497 1027 568 utrinque
1053 499 1320 568 procedat
1347 499 1518 553 relate
1546 501 1617 554 ad
1643 500 1878 564 laevam,
1907 518 1971 554 ac
1998 501 2290 555 dexteram

459 597 678 658 partem
711 590 1029 659 praedictae
1062 589 1205 655 AX;
1238 608 1311 644 ex
1343 608 1454 660 quo
1487 590 1679 661 utique
1712 591 1825 654 fiat,
1862 600 1923 646 ut
1955 592 2058 646 sub
2090 610 2156 647 ea
2188 591 2292 645 im-

458 688 616 736 mota
652 679 766 734 AX
806 698 921 735 non
959 680 1130 735 aliam
1169 680 1290 751 ipsa
1329 681 1626 737 immutata
1666 683 1870 737 habere
1910 682 2087 752 possit
2127 682 2185 737 in
2224 701 2290 738 eo

459 771 628 841 plano
652 771 1005 842 positionem.
1075 772 1246 843 Quod
1273 781 1462 827 autem
1488 773 1544 827 in
1570 775 1769 828 eodem
1794 768 1963 843 plano
1989 773 2098 828 alia
2123 792 2291 844 quae-

459 864 592 918 dam
626 864 698 918 ad
732 863 952 918 laevam
987 863 1211 918 decerni
1247 863 1424 934 possit
1459 865 1602 928 XM,
1641 865 1856 919 infinite
1893 883 2093 935 parum
2129 865 2291 920 dissi-

458 954 598 1009 liens
639 954 709 1009 ab
750 954 871 1025 ipsa
911 955 1043 1019 XD,
1087 955 1225 1009 nihil
1268 955 1635 1026 suffragatur.
1722 956 1874 1010 Nam
1916 975 2141 1012 rursum
2182 956 2291 1011 alia

460 1046 594 1101 item
621 1047 693 1101 ad
723 1047 1015 1101 dexteram
1047 1046 1332 1118 designari
1363 1047 1568 1117 poterit
1597 1048 1719 1111 XF,
1753 1066 1894 1117 quae
1925 1047 2291 1102 uniformiter

459 1137 675 1193 infinite
708 1156 910 1208 parum
945 1137 1185 1194 dissiliat
1218 1138 1288 1193 ab
1323 1139 1519 1193 eadem
1554 1140 1683 1193 XD.
1762 1140 1954 1210 Quare
1998 1139 2198 1210 (prout
2234 1139 2290 1193 in

458 1229 766 1299 praecitato
801 1226 1265 1300 Lemma-[82lte)
1313 1229 1407 1285 illa
1445 1230 1565 1285 sola
1602 1229 1776 1284 AXD
1809 1229 1918 1285 'erit
1955 1230 2101 1285 linea
2140 1240 2290 1286 recta

458 1340 490 1375 a
517 1320 679 1376 nobis
707 1320 953 1376 definita.

574 1413 835 1468 Tertium
875 1414 1105 1468 tandem
1146 1422 1258 1468 est:
1302 1413 1358 1467 in
1400 1415 1504 1468 hoc
1547 1414 1670 1483 ipso
1710 1415 1958 1469 secundo
1999 1415 2290 1469 Lemmate

456 1505 670 1560 censeri
699 1523 863 1575 posse
891 1504 1214 1560 immediate
1243 1506 1689 1560 demonstratam
1723 1506 1766 1559 l.
1801 1504 2110 1571 undecimi;
2140 1506 2291 1576 quod

458 1615 658 1667 nempe
694 1596 954 1667 ejusdem
991 1605 1174 1652 rectae
1210 1606 1450 1667 nequeat
1487 1615 1617 1667 pars
1655 1616 1767 1651 una
1806 1596 2031 1666 quidem
2069 1596 2126 1651 in
2164 1597 2291 1653 sub-

457 1688 610 1759 jecto
640 1688 810 1759 plano
840 1687 1099 1752 existere,
1133 1697 1187 1743 et
1218 1688 1394 1743 altera
1427 1688 1482 1742 in
1515 1687 1753 1743 sublimi.

1193 1867 1437 1912 LEMMA
1468 1868 1555 1912 III.

457 1976 523 2032 Si
546 1978 690 2032 duae
716 1985 901 2032 rectae
924 1976 1050 2042 AB,
1079 1977 1126 2032 C
1128 1977 1184 2030 X
1188 1977 1243 2030 D
1268 1975 1378 2031 sibi
1401 1975 1640 2031 invicem
1671 1984 1968 2032 occurrant
2002 1976 2125 2047 (fiy.
2156 1976 2279 2046 39.)

533 2067 594 2123 in
617 2067 806 2140 aliquo
831 2067 1084 2139 ipsarum
1108 2067 1444 2123 intermedio
1470 2076 1678 2138 puncto
1705 2068 1778 2134 X,
1805 2086 1919 2123 non
1944 2066 2023 2122 ibi
2044 2086 2106 2122 se
2129 2066 2213 2121 in-

591 2158 770 2216 vicem
798 2159 1143 2231 contingent,
1169 2161 1270 2215 secl
1295 2178 1408 2215 una
1434 2161 1667 2214 alteram
1694 2158 1900 2213 ibidem
1927 2157 2150 2214 secabit.

574 2291 1029 2347 Demonstratur.
1122 2292 1182 2347 Si
1229 2291 1379 2347 enim
1426 2291 1544 2347 fieri
1591 2300 1790 2362 potest,
1839 2300 1959 2346 tota
2006 2292 2171 2347 CXD
2217 2292 2286 2346 ad

459 2401 629 2438 unam
663 2384 1011 2454 eandemque
1046 2392 1263 2454 partem
1298 2383 1472 2454 ipsius
1506 2383 1611 2438 AB
1645 2383 1928 2438 consistat.
2006 2384 2290 2454 Jungatur

459 2473 578 2530 AC.
667 2475 801 2529 Non
844 2474 950 2530 erit
994 2493 1166 2545 porro
1212 2474 1317 2531 AC
1360 2476 1556 2530 eadem
1602 2494 1730 2529 cum
1775 2475 1895 2544 ipsa
1941 2474 2112 2530 veluti
2158 2493 2289 2529 con-

457 2566 675 2621 tinuata
701 2566 895 2629 AXC;
920 2567 1051 2636 quia
1076 2576 1359 2622 caeterum
1395 2566 1623 2636 (contra
1649 2567 1986 2636 praecedens
2013 2566 2279 2635 Lemma)

458 2658 699 2713 duarum
735 2667 1031 2721 rectarum,
1066 2658 1232 2713 unius
1265 2658 1447 2721 AXC,
1483 2667 1536 2712 et
1570 2658 1799 2712 alterius
1831 2658 2288 2728 praesuppositae

459 2749 640 2812 DXC‚
688 2768 864 2805 unum
910 2749 1170 2820 idemque
1220 2750 1370 2804 foret
1418 2739 1715 2804 commune
1763 2758 2115 2821 segmentum
2162 2750 2284 2805 XC.

458 2840 657 2911 Itaque
682 2841 959 2912 jungatur
984 2841 1097 2897 BC.
1168 2841 1301 2895 Non
1327 2841 1433 2896 erit
1460 2859 1686 2896 rursum
1711 2842 1847 2896 haec
1873 2841 1972 2897 BC
1997 2840 2287 2896 continua-

457 2932 537 2988 tio
574 2932 749 3002 ipsius
786 2932 892 2987 BA
928 2951 1103 3002 usque
1139 2932 1196 2987 in
1233 2941 1502 3003 punctum
1540 2933 1614 2997 C;
1650 2951 1720 2987 ne
1757 2933 1901 2988 duae
1939 2941 2136 2996 rectae,
2175 2950 2287 2988 una

459 3023 640 3088 XAC,
672 3023 859 3094 portio
891 3023 1065 3094 ipsius
1097 3023 1270 3088 ΒΑΕ,
1302 3033 1357 3079 et
1388 3024 1564 3079 altera
1595 3024 1703 3080 XC
1732 3023 1976 3094 spatium
2005 3023 2284 3087 claudant,

354 3169 356 3172 .
457 3124 655 3171 contra
679 3115 1051 3187 praemissum
1075 3115 1312 3171 Lemma
1336 3115 1597 3187 primum.
1666 3113 1850 3185 Igitur
1875 3133 1939 3170 ea
1966 3115 2065 3171 BC
2089 3114 2176 3169 vel
2204 3132 2288 3169 se·
