<?xml version="1.0" encoding="UTF-8"?>
<!DOCTYPE html PUBLIC "-//W3C//DTD XHTML 1.0 Transitional//EN"
    "http://www.w3.org/TR/xhtml1/DTD/xhtml1-transitional.dtd">
<html xmlns="http://www.w3.org/1999/xhtml" xml:lang="en" lang="en">
 <head>
  <title>
</title>
<meta http-equiv="Content-Type" content="text/html;charset=utf-8" />
  <meta name='ocr-system' content='tesseract 3.04.00' />
  <meta name='ocr-capabilities' content='ocr_page ocr_carea ocr_par ocr_line ocrx_word'/>
</head>
<body>
  <div class='ocr_page' id='page_1' title='image "./giroeuclvindicat00saccrich_0210.png"; bbox 0 0 2456 4016; ppageno 0'>
   <div class='ocr_carea' id='block_1_1' title="bbox 451 335 2289 3155">
    <p class='ocr_par' dir='ltr' id='par_1_1' title="bbox 453 335 2289 1872">
     <span class='ocr_line' id='line_1_1' title="bbox 459 335 2288 407; baseline 0.002 -16"><span class='ocrx_word' id='word_1_1' title='bbox 459 335 589 400; x_wconf 92' lang='lat' dir='ltr'>AX,</span> <span class='ocrx_word' id='word_1_2' title='bbox 639 354 781 406; x_wconf 90' lang='lat' dir='ltr'>quae</span> <span class='ocrx_word' id='word_1_3' title='bbox 826 355 899 391; x_wconf 87' lang='lat' dir='ltr'>ex</span> <span class='ocrx_word' id='word_1_4' title='bbox 944 346 1153 407; x_wconf 91' lang='lat' dir='ltr'>puncto</span> <span class='ocrx_word' id='word_1_5' title='bbox 1199 336 1254 390; x_wconf 99' lang='lat' dir='ltr'><strong>A</strong></span> <span class='ocrx_word' id='word_1_6' title='bbox 1300 355 1398 407; x_wconf 88' lang='lat' dir='ltr'>per</span> <span class='ocrx_word' id='word_1_7' title='bbox 1445 356 1547 393; x_wconf 89' lang='lat' dir='ltr'>sua</span> <span class='ocrx_word' id='word_1_8' title='bbox 1612 338 1889 407; x_wconf 90' lang='lat' dir='ltr'>quaelibet</span> <span class='ocrx_word' id='word_1_9' title='bbox 1956 338 2288 394; x_wconf 88' lang='lat' dir='ltr'>intermedia</span> 
     </span>
     <span class='ocr_line' id='line_1_2' title="bbox 458 428 2289 499; baseline 0.001 -16"><span class='ocrx_word' id='word_1_10' title='bbox 458 437 665 497; x_wconf 89' lang='lat' dir='ltr'>puncta</span> <span class='ocrx_word' id='word_1_11' title='bbox 697 428 1081 483; x_wconf 86' lang='lat' dir='ltr'>continuative</span> <span class='ocrx_word' id='word_1_12' title='bbox 1113 438 1378 483; x_wconf 83' lang='lat' dir='ltr'>excurrat</span> <span class='ocrx_word' id='word_1_13' title='bbox 1410 446 1586 498; x_wconf 91' lang='lat' dir='ltr'>usque</span> <span class='ocrx_word' id='word_1_14' title='bbox 1618 430 1690 484; x_wconf 89' lang='lat' dir='ltr'>ad</span> <span class='ocrx_word' id='word_1_15' title='bbox 1724 438 1994 499; x_wconf 90' lang='lat' dir='ltr'>punctum</span> <span class='ocrx_word' id='word_1_16' title='bbox 2026 429 2098 484; x_wconf 88' lang='lat' dir='ltr'>X.</span> <span class='ocrx_word' id='word_1_17' title='bbox 2156 430 2289 485; x_wconf 92' lang='lat' dir='ltr'>Non</span> 
     </span>
     <span class='ocr_line' id='line_1_3' title="bbox 458 515 2288 590; baseline 0.002 -18"><span class='ocrx_word' id='word_1_18' title='bbox 458 515 813 574; x_wconf 86' lang='lat' dir='ltr'>di-[7llcetur</span> <span class='ocrx_word' id='word_1_19' title='bbox 848 520 984 574; x_wconf 91' lang='lat' dir='ltr'>haec</span> <span class='ocrx_word' id='word_1_20' title='bbox 1020 519 1167 574; x_wconf 87' lang='lat' dir='ltr'>linea</span> <span class='ocrx_word' id='word_1_21' title='bbox 1204 529 1371 583; x_wconf 88' lang='lat' dir='ltr'>recta,</span> <span class='ocrx_word' id='word_1_22' title='bbox 1410 520 1456 573; x_wconf 90' lang='lat' dir='ltr'>si</span> <span class='ocrx_word' id='word_1_23' title='bbox 1492 520 1621 575; x_wconf 91' lang='lat' dir='ltr'>talis</span> <span class='ocrx_word' id='word_1_24' title='bbox 1657 520 1779 590; x_wconf 92' lang='lat' dir='ltr'>ipsa</span> <span class='ocrx_word' id='word_1_25' title='bbox 1817 520 2007 584; x_wconf 82' lang='lat' dir='ltr'>fuerit,</span> <span class='ocrx_word' id='word_1_26' title='bbox 2045 530 2107 576; x_wconf 90' lang='lat' dir='ltr'>ut</span> <span class='ocrx_word' id='word_1_27' title='bbox 2141 521 2288 576; x_wconf 88' lang='lat' dir='ltr'>circa</span> 
     </span>
     <span class='ocr_line' id='line_1_4' title="bbox 458 610 2288 682; baseline 0.002 -17"><span class='ocrx_word' id='word_1_28' title='bbox 458 612 572 665; x_wconf 91' lang='lat' dir='ltr'>duo</span> <span class='ocrx_word' id='word_1_29' title='bbox 596 610 691 665; x_wconf 92' lang='lat' dir='ltr'>illa</span> <span class='ocrx_word' id='word_1_30' title='bbox 716 611 953 665; x_wconf 90' lang='lat' dir='ltr'>immota</span> <span class='ocrx_word' id='word_1_31' title='bbox 977 620 1232 666; x_wconf 84' lang='lat' dir='ltr'>extrema</span> <span class='ocrx_word' id='word_1_32' title='bbox 1258 629 1360 666; x_wconf 88' lang='lat' dir='ltr'>sua</span> <span class='ocrx_word' id='word_1_33' title='bbox 1386 621 1592 681; x_wconf 90' lang='lat' dir='ltr'>puncta</span> <span class='ocrx_word' id='word_1_34' title='bbox 1618 612 1796 682; x_wconf 85' lang='lat' dir='ltr'>possit</span> <span class='ocrx_word' id='word_1_35' title='bbox 1823 612 1943 682; x_wconf 90' lang='lat' dir='ltr'>ipsa</span> <span class='ocrx_word' id='word_1_36' title='bbox 1969 612 2026 666; x_wconf 92' lang='lat' dir='ltr'>in</span> <span class='ocrx_word' id='word_1_37' title='bbox 2054 613 2288 668; x_wconf 90' lang='lat' dir='ltr'>alteram</span> 
     </span>
     <span class='ocr_line' id='line_1_5' title="bbox 456 703 2288 773; baseline 0.001 -17"><span class='ocrx_word' id='word_1_38' title='bbox 456 711 674 771; x_wconf 90' lang='lat' dir='ltr'>partem</span> <span class='ocrx_word' id='word_1_39' title='bbox 705 703 975 765; x_wconf 87' lang='lat' dir='ltr'>converti,</span> <span class='ocrx_word' id='word_1_40' title='bbox 1008 712 1070 757; x_wconf 93' lang='lat' dir='ltr'>ut</span> <span class='ocrx_word' id='word_1_41' title='bbox 1100 711 1235 772; x_wconf 89' lang='lat' dir='ltr'>puta</span> <span class='ocrx_word' id='word_1_42' title='bbox 1265 721 1298 757; x_wconf 91' lang='lat' dir='ltr'>a</span> <span class='ocrx_word' id='word_1_43' title='bbox 1328 703 1489 757; x_wconf 89' lang='lat' dir='ltr'>laeva</span> <span class='ocrx_word' id='word_1_44' title='bbox 1518 712 1676 773; x_wconf 87' lang='lat' dir='ltr'>parte</span> <span class='ocrx_word' id='word_1_45' title='bbox 1708 703 1764 757; x_wconf 91' lang='lat' dir='ltr'>in</span> <span class='ocrx_word' id='word_1_46' title='bbox 1796 705 2119 758; x_wconf 86' lang='lat' dir='ltr'>dexteram:</span> <span class='ocrx_word' id='word_1_47' title='bbox 2154 704 2288 759; x_wconf 88' lang='lat' dir='ltr'>Non</span> 
     </span>
     <span class='ocr_line' id='line_1_6' title="bbox 456 793 2288 866; baseline 0.002 -19"><span class='ocrx_word' id='word_1_48' title='bbox 456 793 689 857; x_wconf 89' lang='lat' dir='ltr'>dicetur,</span> <span class='ocrx_word' id='word_1_49' title='bbox 733 793 979 863; x_wconf 83' lang='lat' dir='ltr'>inquam,</span> <span class='ocrx_word' id='word_1_50' title='bbox 1022 794 1169 848; x_wconf 85' lang='lat' dir='ltr'>linea</span> <span class='ocrx_word' id='word_1_51' title='bbox 1210 802 1388 859; x_wconf 89' lang='lat' dir='ltr'>recta;</span> <span class='ocrx_word' id='word_1_52' title='bbox 1428 794 1560 864; x_wconf 92' lang='lat' dir='ltr'>quia</span> <span class='ocrx_word' id='word_1_53' title='bbox 1598 813 1713 849; x_wconf 93' lang='lat' dir='ltr'>non</span> <span class='ocrx_word' id='word_1_54' title='bbox 1752 794 1959 865; x_wconf 88' lang='lat' dir='ltr'>jacebit</span> <span class='ocrx_word' id='word_1_55' title='bbox 1997 814 2071 850; x_wconf 86' lang='lat' dir='ltr'>ex</span> <span class='ocrx_word' id='word_1_56' title='bbox 2109 813 2288 866; x_wconf 89' lang='lat' dir='ltr'>aequo</span> 
     </span>
     <span class='ocr_line' id='line_1_7' title="bbox 457 885 2287 956; baseline 0.001 -17"><span class='ocrx_word' id='word_1_57' title='bbox 457 885 601 939; x_wconf 89' lang='lat' dir='ltr'>inter</span> <span class='ocrx_word' id='word_1_58' title='bbox 628 903 730 940; x_wconf 92' lang='lat' dir='ltr'>sua</span> <span class='ocrx_word' id='word_1_59' title='bbox 757 885 1052 956; x_wconf 87' lang='lat' dir='ltr'>designata</span> <span class='ocrx_word' id='word_1_60' title='bbox 1081 894 1336 939; x_wconf 87' lang='lat' dir='ltr'>extrema</span> <span class='ocrx_word' id='word_1_61' title='bbox 1365 895 1571 955; x_wconf 89' lang='lat' dir='ltr'>puncta</span> <span class='ocrx_word' id='word_1_62' title='bbox 1587 905 1599 952; x_wconf 92' lang='lat'>;</span> <span class='ocrx_word' id='word_1_63' title='bbox 1628 886 2086 956; x_wconf 89' lang='lat' dir='ltr'>quandoquidem</span> <span class='ocrx_word' id='word_1_64' title='bbox 2114 887 2202 942; x_wconf 89' lang='lat' dir='ltr'>vel</span> <span class='ocrx_word' id='word_1_65' title='bbox 2232 888 2287 941; x_wconf 90' lang='lat' dir='ltr'>in</span> 
     </span>
     <span class='ocr_line' id='line_1_8' title="bbox 457 976 2288 1048; baseline 0.002 -18"><span class='ocrx_word' id='word_1_66' title='bbox 457 977 676 1031; x_wconf 89' lang='lat' dir='ltr'>laevam</span> <span class='ocrx_word' id='word_1_67' title='bbox 715 985 934 1047; x_wconf 88' lang='lat' dir='ltr'>partem</span> <span class='ocrx_word' id='word_1_68' title='bbox 976 977 1292 1040; x_wconf 83' lang='lat' dir='ltr'>declinabit,</span> <span class='ocrx_word' id='word_1_69' title='bbox 1336 976 1429 1032; x_wconf 92' lang='lat' dir='ltr'>ubi</span> <span class='ocrx_word' id='word_1_70' title='bbox 1470 997 1543 1032; x_wconf 83' lang='lat' dir='ltr'>ex</span> <span class='ocrx_word' id='word_1_71' title='bbox 1582 987 1790 1048; x_wconf 89' lang='lat' dir='ltr'>puncto</span> <span class='ocrx_word' id='word_1_72' title='bbox 1832 977 1887 1031; x_wconf 92' lang='lat' dir='ltr'><strong>A</strong></span> <span class='ocrx_word' id='word_1_73' title='bbox 1924 978 2176 1034; x_wconf 84' lang='lat' dir='ltr'>excurrit</span> <span class='ocrx_word' id='word_1_74' title='bbox 2216 980 2288 1033; x_wconf 88' lang='lat' dir='ltr'>ad</span> 
     </span>
     <span class='ocr_line' id='line_1_9' title="bbox 456 1068 2289 1140; baseline 0.001 -17"><span class='ocrx_word' id='word_1_75' title='bbox 456 1077 725 1137; x_wconf 91' lang='lat' dir='ltr'>punctum</span> <span class='ocrx_word' id='word_1_76' title='bbox 758 1068 812 1121; x_wconf 91' lang='lat' dir='ltr'>X</span> <span class='ocrx_word' id='word_1_77' title='bbox 846 1087 945 1138; x_wconf 91' lang='lat' dir='ltr'>per</span> <span class='ocrx_word' id='word_1_78' title='bbox 976 1069 1255 1138; x_wconf 82' lang='lat' dir='ltr'>quaedam</span> <span class='ocrx_word' id='word_1_79' title='bbox 1287 1069 1621 1124; x_wconf 91' lang='lat' dir='ltr'>intermedia</span> <span class='ocrx_word' id='word_1_80' title='bbox 1652 1078 1859 1140; x_wconf 89' lang='lat' dir='ltr'>puncta</span> <span class='ocrx_word' id='word_1_81' title='bbox 1892 1071 1938 1124; x_wconf 85' lang='lat' dir='ltr'>B</span> <span class='ocrx_word' id='word_1_82' title='bbox 1957 1088 1968 1135; x_wconf 82' lang='lat'><em>3</em></span> <span class='ocrx_word' id='word_1_83' title='bbox 2001 1070 2088 1124; x_wconf 90' lang='lat' dir='ltr'>vel</span> <span class='ocrx_word' id='word_1_84' title='bbox 2122 1070 2289 1125; x_wconf 87' lang='lat' dir='ltr'>decli-</span> 
     </span>
     <span class='ocr_line' id='line_1_10' title="bbox 455 1159 2288 1231; baseline 0.002 -18"><span class='ocrx_word' id='word_1_85' title='bbox 455 1159 610 1214; x_wconf 85' lang='lat' dir='ltr'>nabit</span> <span class='ocrx_word' id='word_1_86' title='bbox 648 1159 706 1213; x_wconf 93' lang='lat' dir='ltr'>in</span> <span class='ocrx_word' id='word_1_87' title='bbox 744 1160 1055 1224; x_wconf 83' lang='lat' dir='ltr'>dexteram,</span> <span class='ocrx_word' id='word_1_88' title='bbox 1097 1160 1189 1215; x_wconf 91' lang='lat' dir='ltr'>ubi</span> <span class='ocrx_word' id='word_1_89' title='bbox 1230 1179 1302 1215; x_wconf 84' lang='lat' dir='ltr'>ex</span> <span class='ocrx_word' id='word_1_90' title='bbox 1340 1161 1539 1215; x_wconf 91' lang='lat' dir='ltr'>eodem</span> <span class='ocrx_word' id='word_1_91' title='bbox 1578 1161 1815 1216; x_wconf 91' lang='lat' dir='ltr'>immoto</span> <span class='ocrx_word' id='word_1_92' title='bbox 1854 1171 2062 1231; x_wconf 88' lang='lat' dir='ltr'>puncto</span> <span class='ocrx_word' id='word_1_93' title='bbox 2101 1161 2156 1216; x_wconf 94' lang='lat' dir='ltr'><strong>A</strong></span> <span class='ocrx_word' id='word_1_94' title='bbox 2191 1181 2288 1218; x_wconf 83' lang='lat' dir='ltr'>ex-</span> 
     </span>
     <span class='ocr_line' id='line_1_11' title="bbox 454 1250 2288 1323; baseline 0.001 -18"><span class='ocrx_word' id='word_1_95' title='bbox 454 1250 631 1306; x_wconf 86' lang='lat' dir='ltr'>currit</span> <span class='ocrx_word' id='word_1_96' title='bbox 663 1252 735 1306; x_wconf 91' lang='lat' dir='ltr'>ad</span> <span class='ocrx_word' id='word_1_97' title='bbox 768 1251 919 1306; x_wconf 92' lang='lat' dir='ltr'>idem</span> <span class='ocrx_word' id='word_1_98' title='bbox 951 1251 1251 1306; x_wconf 89' lang='lat' dir='ltr'>immotum</span> <span class='ocrx_word' id='word_1_99' title='bbox 1283 1261 1553 1323; x_wconf 89' lang='lat' dir='ltr'>punctum</span> <span class='ocrx_word' id='word_1_100' title='bbox 1587 1253 1641 1306; x_wconf 93' lang='lat' dir='ltr'>X</span> <span class='ocrx_word' id='word_1_101' title='bbox 1677 1271 1776 1322; x_wconf 92' lang='lat' dir='ltr'>per</span> <span class='ocrx_word' id='word_1_102' title='bbox 1808 1254 2086 1323; x_wconf 83' lang='lat' dir='ltr'>quaedam</span> <span class='ocrx_word' id='word_1_103' title='bbox 2118 1253 2288 1309; x_wconf 87' lang='lat' dir='ltr'>inter-</span> 
     </span>
     <span class='ocr_line' id='line_1_12' title="bbox 454 1342 2287 1415; baseline 0.001 -18"><span class='ocrx_word' id='word_1_104' title='bbox 454 1342 641 1397; x_wconf 90' lang='lat' dir='ltr'>media</span> <span class='ocrx_word' id='word_1_105' title='bbox 669 1352 878 1412; x_wconf 91' lang='lat' dir='ltr'>puncta</span> <span class='ocrx_word' id='word_1_106' title='bbox 909 1344 971 1407; x_wconf 87' lang='lat' dir='ltr'>C,</span> <span class='ocrx_word' id='word_1_107' title='bbox 1005 1361 1148 1413; x_wconf 86' lang='lat' dir='ltr'>quae</span> <span class='ocrx_word' id='word_1_108' title='bbox 1178 1343 1289 1398; x_wconf 90' lang='lat' dir='ltr'>alia</span> <span class='ocrx_word' id='word_1_109' title='bbox 1318 1343 1482 1413; x_wconf 89' lang='lat' dir='ltr'>plane</span> <span class='ocrx_word' id='word_1_110' title='bbox 1513 1353 1644 1399; x_wconf 91' lang='lat' dir='ltr'>sunt</span> <span class='ocrx_word' id='word_1_111' title='bbox 1674 1364 1707 1399; x_wconf 94' lang='lat' dir='ltr'>a</span> <span class='ocrx_word' id='word_1_112' title='bbox 1736 1343 2037 1414; x_wconf 89' lang='lat' dir='ltr'>praedictis</span> <span class='ocrx_word' id='word_1_113' title='bbox 2068 1346 2287 1415; x_wconf 91' lang='lat' dir='ltr'>punctis</span> 
     </span>
     <span class='ocr_line' id='line_1_13' title="bbox 455 1434 2287 1507; baseline 0.003 -20"><span class='ocrx_word' id='word_1_114' title='bbox 455 1434 518 1488; x_wconf 89' lang='lat' dir='ltr'>B.</span> <span class='ocrx_word' id='word_1_115' title='bbox 594 1434 817 1490; x_wconf 87' lang='lat' dir='ltr'>Scilicet</span> <span class='ocrx_word' id='word_1_116' title='bbox 846 1434 941 1489; x_wconf 91' lang='lat' dir='ltr'>illa</span> <span class='ocrx_word' id='word_1_117' title='bbox 970 1435 1091 1489; x_wconf 92' lang='lat' dir='ltr'>sola</span> <span class='ocrx_word' id='word_1_118' title='bbox 1120 1435 1267 1490; x_wconf 89' lang='lat' dir='ltr'>linea</span> <span class='ocrx_word' id='word_1_119' title='bbox 1296 1435 1408 1489; x_wconf 89' lang='lat' dir='ltr'>AX</span> <span class='ocrx_word' id='word_1_120' title='bbox 1441 1436 1549 1490; x_wconf 90' lang='lat' dir='ltr'>dici</span> <span class='ocrx_word' id='word_1_121' title='bbox 1581 1436 1788 1506; x_wconf 88' lang='lat' dir='ltr'>poterit</span> <span class='ocrx_word' id='word_1_122' title='bbox 1819 1445 1985 1500; x_wconf 87' lang='lat' dir='ltr'>recta,</span> <span class='ocrx_word' id='word_1_123' title='bbox 2019 1455 2161 1507; x_wconf 89' lang='lat' dir='ltr'>quae</span> <span class='ocrx_word' id='word_1_124' title='bbox 2191 1456 2287 1492; x_wconf 83' lang='lat' dir='ltr'>ex-</span> 
     </span>
     <span class='ocr_line' id='line_1_14' title="bbox 453 1527 2287 1598; baseline 0.002 -18"><span class='ocrx_word' id='word_1_125' title='bbox 453 1535 644 1581; x_wconf 86' lang='lat' dir='ltr'>currat</span> <span class='ocrx_word' id='word_1_126' title='bbox 682 1545 754 1581; x_wconf 87' lang='lat' dir='ltr'>ex</span> <span class='ocrx_word' id='word_1_127' title='bbox 791 1536 1001 1596; x_wconf 89' lang='lat' dir='ltr'>puncto</span> <span class='ocrx_word' id='word_1_128' title='bbox 1039 1527 1094 1580; x_wconf 94' lang='lat' dir='ltr'><strong>A</strong></span> <span class='ocrx_word' id='word_1_129' title='bbox 1131 1528 1203 1581; x_wconf 93' lang='lat' dir='ltr'>ad</span> <span class='ocrx_word' id='word_1_130' title='bbox 1242 1536 1512 1596; x_wconf 91' lang='lat' dir='ltr'>punctum</span> <span class='ocrx_word' id='word_1_131' title='bbox 1551 1528 1605 1581; x_wconf 92' lang='lat' dir='ltr'>X</span> <span class='ocrx_word' id='word_1_132' title='bbox 1646 1546 1744 1598; x_wconf 92' lang='lat' dir='ltr'>per</span> <span class='ocrx_word' id='word_1_133' title='bbox 1781 1528 1916 1583; x_wconf 89' lang='lat' dir='ltr'>talia</span> <span class='ocrx_word' id='word_1_134' title='bbox 1954 1528 2287 1584; x_wconf 89' lang='lat' dir='ltr'>intermedia</span> 
     </span>
     <span class='ocr_line' id='line_1_15' title="bbox 453 1618 2287 1689; baseline 0 -16"><span class='ocrx_word' id='word_1_135' title='bbox 453 1626 660 1687; x_wconf 89' lang='lat' dir='ltr'>puncta</span> <span class='ocrx_word' id='word_1_136' title='bbox 688 1618 759 1681; x_wconf 87' lang='lat' dir='ltr'>D,</span> <span class='ocrx_word' id='word_1_137' title='bbox 789 1636 932 1688; x_wconf 90' lang='lat' dir='ltr'>quae</span> <span class='ocrx_word' id='word_1_138' title='bbox 960 1618 1096 1688; x_wconf 90' lang='lat' dir='ltr'>ipsa,</span> <span class='ocrx_word' id='word_1_139' title='bbox 1127 1628 1295 1689; x_wconf 88' lang='lat' dir='ltr'>prout</span> <span class='ocrx_word' id='word_1_140' title='bbox 1323 1618 1401 1674; x_wconf 92' lang='lat' dir='ltr'>sic</span> <span class='ocrx_word' id='word_1_141' title='bbox 1429 1619 1669 1674; x_wconf 90' lang='lat' dir='ltr'>invicem</span> <span class='ocrx_word' id='word_1_142' title='bbox 1697 1619 2041 1682; x_wconf 89' lang='lat' dir='ltr'>continuata,</span> <span class='ocrx_word' id='word_1_143' title='bbox 2074 1620 2287 1675; x_wconf 84' lang='lat' dir='ltr'>revolvi</span> 
     </span>
     <span class='ocr_line' id='line_1_16' title="bbox 453 1709 2286 1781; baseline 0.002 -18"><span class='ocrx_word' id='word_1_144' title='bbox 453 1719 750 1780; x_wconf 89' lang='lat' dir='ltr'>nequeant,</span> <span class='ocrx_word' id='word_1_145' title='bbox 788 1709 936 1765; x_wconf 90' lang='lat' dir='ltr'>circa</span> <span class='ocrx_word' id='word_1_146' title='bbox 972 1709 1066 1765; x_wconf 91' lang='lat' dir='ltr'>illa</span> <span class='ocrx_word' id='word_1_147' title='bbox 1102 1710 1337 1765; x_wconf 90' lang='lat' dir='ltr'>immota</span> <span class='ocrx_word' id='word_1_148' title='bbox 1372 1719 1628 1765; x_wconf 87' lang='lat' dir='ltr'>extrema</span> <span class='ocrx_word' id='word_1_149' title='bbox 1663 1720 1869 1781; x_wconf 92' lang='lat' dir='ltr'>puncta</span> <span class='ocrx_word' id='word_1_150' title='bbox 1906 1711 1975 1775; x_wconf 92' lang='lat' dir='ltr'>A,</span> <span class='ocrx_word' id='word_1_151' title='bbox 2014 1721 2069 1767; x_wconf 90' lang='lat' dir='ltr'>et</span> <span class='ocrx_word' id='word_1_152' title='bbox 2105 1712 2177 1776; x_wconf 88' lang='lat' dir='ltr'>X,</span> <span class='ocrx_word' id='word_1_153' title='bbox 2215 1713 2286 1767; x_wconf 88' lang='lat' dir='ltr'>ad</span> 
     </span>
     <span class='ocr_line' id='line_1_17' title="bbox 453 1802 2276 1872; baseline 0.001 -17"><span class='ocrx_word' id='word_1_154' title='bbox 453 1819 666 1856; x_wconf 90' lang='lat' dir='ltr'>novum</span> <span class='ocrx_word' id='word_1_155' title='bbox 697 1810 752 1856; x_wconf 91' lang='lat' dir='ltr'>et</span> <span class='ocrx_word' id='word_1_156' title='bbox 783 1819 996 1857; x_wconf 90' lang='lat' dir='ltr'>novum</span> <span class='ocrx_word' id='word_1_157' title='bbox 1027 1802 1418 1872; x_wconf 91' lang='lat' dir='ltr'>occupandum</span> <span class='ocrx_word' id='word_1_158' title='bbox 1450 1802 1636 1858; x_wconf 91' lang='lat' dir='ltr'>situm.</span> <span class='ocrx_word' id='word_1_159' title='bbox 2274 1815 2276 1817; x_wconf 71' lang='grc'><strong><em>’</em></strong></span> 
     </span>
    </p>

    <p class='ocr_par' dir='ltr' id='par_1_2' title="bbox 451 1891 2286 3155">
     <span class='ocr_line' id='line_1_18' title="bbox 569 1891 2286 1951; baseline 0.001 -4"><span class='ocrx_word' id='word_1_160' title='bbox 569 1891 638 1947; x_wconf 89' lang='lat' dir='ltr'>In</span> <span class='ocrx_word' id='word_1_161' title='bbox 672 1893 776 1948; x_wconf 92' lang='lat' dir='ltr'>hac</span> <span class='ocrx_word' id='word_1_162' title='bbox 810 1902 999 1949; x_wconf 89' lang='lat' dir='ltr'>autem</span> <span class='ocrx_word' id='word_1_163' title='bbox 1036 1902 1218 1948; x_wconf 89' lang='lat' dir='ltr'>rectae</span> <span class='ocrx_word' id='word_1_164' title='bbox 1253 1893 1433 1949; x_wconf 90' lang='lat' dir='ltr'>lineae</span> <span class='ocrx_word' id='word_1_165' title='bbox 1469 1894 1594 1949; x_wconf 92' lang='lat' dir='ltr'>idea</span> <span class='ocrx_word' id='word_1_166' title='bbox 1627 1895 1933 1949; x_wconf 80' lang='lat' dir='ltr'>manifeste</span> <span class='ocrx_word' id='word_1_167' title='bbox 1968 1895 2286 1951; x_wconf 86' lang='lat' dir='ltr'>continetur</span> 
     </span>
     <span class='ocr_line' id='line_1_19' title="bbox 453 1984 2284 2061; baseline 0.002 -22"><span class='ocrx_word' id='word_1_168' title='bbox 453 1984 744 2054; x_wconf 89' lang='lat' dir='ltr'>proposita</span> <span class='ocrx_word' id='word_1_169' title='bbox 780 1984 1005 2049; x_wconf 80' lang='lat' dir='ltr'>veritaS‚</span> <span class='ocrx_word' id='word_1_170' title='bbox 1046 1986 1186 2041; x_wconf 91' lang='lat' dir='ltr'>duas</span> <span class='ocrx_word' id='word_1_171' title='bbox 1224 2004 1424 2061; x_wconf 90' lang='lat' dir='ltr'>nempe</span> <span class='ocrx_word' id='word_1_172' title='bbox 1462 1994 1641 2040; x_wconf 89' lang='lat' dir='ltr'>rectas</span> <span class='ocrx_word' id='word_1_173' title='bbox 1678 1986 1853 2041; x_wconf 89' lang='lat' dir='ltr'>lineas</span> <span class='ocrx_word' id='word_1_174' title='bbox 1890 1986 2134 2057; x_wconf 91' lang='lat' dir='ltr'>spatium</span> <span class='ocrx_word' id='word_1_175' title='bbox 2171 2005 2284 2042; x_wconf 89' lang='lat' dir='ltr'>non</span> 
     </span>
     <span class='ocr_line' id='line_1_20' title="bbox 452 2076 2285 2146; baseline 0.002 -16"><span class='ocrx_word' id='word_1_176' title='bbox 452 2077 942 2146; x_wconf 88' lang='lat' dir='ltr'>comprehendere.</span> <span class='ocrx_word' id='word_1_177' title='bbox 1029 2076 1089 2133; x_wconf 88' lang='lat' dir='ltr'>Si</span> <span class='ocrx_word' id='word_1_178' title='bbox 1131 2077 1282 2131; x_wconf 89' lang='lat' dir='ltr'>enim</span> <span class='ocrx_word' id='word_1_179' title='bbox 1323 2078 1467 2132; x_wconf 90' lang='lat' dir='ltr'>duae</span> <span class='ocrx_word' id='word_1_180' title='bbox 1507 2077 1880 2134; x_wconf 88' lang='lat' dir='ltr'>exhibeantur</span> <span class='ocrx_word' id='word_1_181' title='bbox 1919 2078 2097 2133; x_wconf 88' lang='lat' dir='ltr'>lineae</span> <span class='ocrx_word' id='word_1_182' title='bbox 2136 2078 2285 2133; x_wconf 89' lang='lat' dir='ltr'>clau-</span> 
     </span>
     <span class='ocr_line' id='line_1_21' title="bbox 452 2167 2284 2240; baseline 0.002 -17"><span class='ocrx_word' id='word_1_183' title='bbox 452 2169 648 2223; x_wconf 87' lang='lat' dir='ltr'>dentes</span> <span class='ocrx_word' id='word_1_184' title='bbox 689 2167 950 2237; x_wconf 91' lang='lat' dir='ltr'>spatium‚</span> <span class='ocrx_word' id='word_1_185' title='bbox 994 2186 1235 2240; x_wconf 90' lang='lat' dir='ltr'>quarum</span> <span class='ocrx_word' id='word_1_186' title='bbox 1275 2187 1476 2239; x_wconf 87' lang='lat' dir='ltr'>nempe</span> <span class='ocrx_word' id='word_1_187' title='bbox 1516 2169 1839 2225; x_wconf 89' lang='lat' dir='ltr'>communia</span> <span class='ocrx_word' id='word_1_188' title='bbox 1879 2168 1990 2225; x_wconf 91' lang='lat' dir='ltr'>sint</span> <span class='ocrx_word' id='word_1_189' title='bbox 2030 2179 2284 2226; x_wconf 85' lang='lat' dir='ltr'>extrema</span> 
     </span>
     <span class='ocr_line' id='line_1_22' title="bbox 453 2258 2284 2330; baseline 0.002 -17"><span class='ocrx_word' id='word_1_190' title='bbox 453 2260 567 2315; x_wconf 88' lang='lat' dir='ltr'>duo</span> <span class='ocrx_word' id='word_1_191' title='bbox 606 2268 814 2330; x_wconf 90' lang='lat' dir='ltr'>puncta</span> <span class='ocrx_word' id='word_1_192' title='bbox 854 2258 925 2323; x_wconf 90' lang='lat' dir='ltr'>A,</span> <span class='ocrx_word' id='word_1_193' title='bbox 968 2269 1023 2315; x_wconf 92' lang='lat' dir='ltr'>et</span> <span class='ocrx_word' id='word_1_194' title='bbox 1063 2259 1135 2323; x_wconf 91' lang='lat' dir='ltr'>X,</span> <span class='ocrx_word' id='word_1_195' title='bbox 1183 2260 1350 2315; x_wconf 80' lang='lat' dir='ltr'>facile</span> <span class='ocrx_word' id='word_1_196' title='bbox 1390 2260 1708 2316; x_wconf 92' lang='lat' dir='ltr'>ostenditur</span> <span class='ocrx_word' id='word_1_197' title='bbox 1748 2261 1836 2316; x_wconf 90' lang='lat' dir='ltr'>vel</span> <span class='ocrx_word' id='word_1_198' title='bbox 1877 2270 2153 2325; x_wconf 88' lang='lat' dir='ltr'>neutram,</span> <span class='ocrx_word' id='word_1_199' title='bbox 2197 2262 2284 2317; x_wconf 86' lang='lat' dir='ltr'>vel</span> 
     </span>
     <span class='ocr_line' id='line_1_23' title="bbox 453 2351 2286 2409; baseline 0.001 -4"><span class='ocrx_word' id='word_1_200' title='bbox 453 2369 624 2406; x_wconf 90' lang='lat' dir='ltr'>unam</span> <span class='ocrx_word' id='word_1_201' title='bbox 655 2360 878 2406; x_wconf 88' lang='lat' dir='ltr'>tantum</span> <span class='ocrx_word' id='word_1_202' title='bbox 909 2351 1134 2408; x_wconf 87' lang='lat' dir='ltr'>illarum</span> <span class='ocrx_word' id='word_1_203' title='bbox 1167 2351 1443 2407; x_wconf 89' lang='lat' dir='ltr'>linearum</span> <span class='ocrx_word' id='word_1_204' title='bbox 1473 2370 1594 2407; x_wconf 89' lang='lat' dir='ltr'>esse</span> <span class='ocrx_word' id='word_1_205' title='bbox 1627 2361 1851 2407; x_wconf 88' lang='lat' dir='ltr'>rectam.</span> <span class='ocrx_word' id='word_1_206' title='bbox 1927 2353 2149 2409; x_wconf 87' lang='lat' dir='ltr'>Neutra</span> <span class='ocrx_word' id='word_1_207' title='bbox 2178 2353 2286 2409; x_wconf 88' lang='lat' dir='ltr'>erit</span> 
     </span>
     <span class='ocr_line' id='line_1_24' title="bbox 453 2442 2283 2512; baseline 0.002 -16"><span class='ocrx_word' id='word_1_208' title='bbox 453 2451 619 2506; x_wconf 85' lang='lat' dir='ltr'>recta,</span> <span class='ocrx_word' id='word_1_209' title='bbox 648 2452 710 2498; x_wconf 91' lang='lat' dir='ltr'>ut</span> <span class='ocrx_word' id='word_1_210' title='bbox 737 2452 873 2512; x_wconf 89' lang='lat' dir='ltr'>puta</span> <span class='ocrx_word' id='word_1_211' title='bbox 899 2442 1134 2506; x_wconf 88' lang='lat' dir='ltr'>ABBX,</span> <span class='ocrx_word' id='word_1_212' title='bbox 1163 2452 1218 2497; x_wconf 92' lang='lat' dir='ltr'>et</span> <span class='ocrx_word' id='word_1_213' title='bbox 1246 2443 1478 2506; x_wconf 88' lang='lat' dir='ltr'>ACCX,</span> <span class='ocrx_word' id='word_1_214' title='bbox 1508 2443 1554 2497; x_wconf 90' lang='lat' dir='ltr'>si</span> <span class='ocrx_word' id='word_1_215' title='bbox 1582 2443 1730 2498; x_wconf 90' lang='lat' dir='ltr'>circa</span> <span class='ocrx_word' id='word_1_216' title='bbox 1758 2445 1871 2499; x_wconf 93' lang='lat' dir='ltr'>duo</span> <span class='ocrx_word' id='word_1_217' title='bbox 1898 2453 2154 2500; x_wconf 87' lang='lat' dir='ltr'>extrema</span> <span class='ocrx_word' id='word_1_218' title='bbox 2182 2444 2283 2499; x_wconf 85' lang='lat' dir='ltr'>im-</span> 
     </span>
     <span class='ocr_line' id='line_1_25' title="bbox 451 2533 2283 2606; baseline 0.002 -18"><span class='ocrx_word' id='word_1_219' title='bbox 451 2542 606 2589; x_wconf 88' lang='lat' dir='ltr'>mota</span> <span class='ocrx_word' id='word_1_220' title='bbox 636 2543 843 2604; x_wconf 90' lang='lat' dir='ltr'>puncta</span> <span class='ocrx_word' id='word_1_221' title='bbox 873 2533 943 2598; x_wconf 90' lang='lat' dir='ltr'>A,</span> <span class='ocrx_word' id='word_1_222' title='bbox 975 2543 1029 2589; x_wconf 91' lang='lat' dir='ltr'>et</span> <span class='ocrx_word' id='word_1_223' title='bbox 1060 2534 1133 2599; x_wconf 88' lang='lat' dir='ltr'>X,</span> <span class='ocrx_word' id='word_1_224' title='bbox 1166 2535 1243 2589; x_wconf 89' lang='lat' dir='ltr'>ita</span> <span class='ocrx_word' id='word_1_225' title='bbox 1274 2534 1488 2588; x_wconf 86' lang='lat' dir='ltr'>revolvi</span> <span class='ocrx_word' id='word_1_226' title='bbox 1520 2553 1683 2604; x_wconf 88' lang='lat' dir='ltr'>posse</span> <span class='ocrx_word' id='word_1_227' title='bbox 1715 2535 2102 2606; x_wconf 87' lang='lat' dir='ltr'>intelligantur</span> <span class='ocrx_word' id='word_1_228' title='bbox 2131 2537 2283 2606; x_wconf 89' lang='lat' dir='ltr'>ipsae</span> 
     </span>
     <span class='ocr_line' id='line_1_26' title="bbox 453 2624 2282 2698; baseline 0.003 -19"><span class='ocrx_word' id='word_1_229' title='bbox 453 2625 687 2689; x_wconf 89' lang='lat' dir='ltr'>ABBX,</span> <span class='ocrx_word' id='word_1_230' title='bbox 722 2624 954 2688; x_wconf 88' lang='lat' dir='ltr'><strong>ACCX,</strong></span> <span class='ocrx_word' id='word_1_231' title='bbox 989 2634 1051 2681; x_wconf 89' lang='lat' dir='ltr'>ut</span> <span class='ocrx_word' id='word_1_232' title='bbox 1082 2625 1296 2695; x_wconf 91' lang='lat' dir='ltr'>reliqua</span> <span class='ocrx_word' id='word_1_233' title='bbox 1328 2626 1578 2696; x_wconf 90' lang='lat' dir='ltr'>ipsarum</span> <span class='ocrx_word' id='word_1_234' title='bbox 1610 2627 1945 2682; x_wconf 88' lang='lat' dir='ltr'>intermedia</span> <span class='ocrx_word' id='word_1_235' title='bbox 1976 2637 2182 2698; x_wconf 88' lang='lat' dir='ltr'>puncta</span> <span class='ocrx_word' id='word_1_236' title='bbox 2211 2629 2282 2684; x_wconf 91' lang='lat' dir='ltr'>ad</span> 
     </span>
     <span class='ocr_line' id='line_1_27' title="bbox 451 2717 2283 2787; baseline 0.002 -16"><span class='ocrx_word' id='word_1_237' title='bbox 451 2735 680 2781; x_wconf 88' lang='lat' dir='ltr'>novum,</span> <span class='ocrx_word' id='word_1_238' title='bbox 710 2726 765 2771; x_wconf 90' lang='lat' dir='ltr'>et</span> <span class='ocrx_word' id='word_1_239' title='bbox 795 2735 1007 2772; x_wconf 87' lang='lat' dir='ltr'>novum</span> <span class='ocrx_word' id='word_1_240' title='bbox 1036 2718 1426 2787; x_wconf 90' lang='lat' dir='ltr'>occupandum</span> <span class='ocrx_word' id='word_1_241' title='bbox 1456 2717 1641 2772; x_wconf 91' lang='lat' dir='ltr'>locum</span> <span class='ocrx_word' id='word_1_242' title='bbox 1672 2728 2077 2787; x_wconf 89' lang='lat' dir='ltr'>pertranseant.</span> <span class='ocrx_word' id='word_1_243' title='bbox 2150 2720 2283 2775; x_wconf 91' lang='lat' dir='ltr'>Una</span> 
     </span>
     <span class='ocr_line' id='line_1_28' title="bbox 451 2808 2283 2878; baseline 0.001 -15"><span class='ocrx_word' id='word_1_244' title='bbox 451 2817 671 2864; x_wconf 87' lang='lat' dir='ltr'>tantum</span> <span class='ocrx_word' id='word_1_245' title='bbox 697 2808 804 2863; x_wconf 88' lang='lat' dir='ltr'>erit</span> <span class='ocrx_word' id='word_1_246' title='bbox 831 2818 997 2872; x_wconf 87' lang='lat' dir='ltr'>recta,</span> <span class='ocrx_word' id='word_1_247' title='bbox 1027 2817 1088 2864; x_wconf 92' lang='lat' dir='ltr'>ut</span> <span class='ocrx_word' id='word_1_248' title='bbox 1115 2817 1250 2878; x_wconf 86' lang='lat' dir='ltr'>puta</span> <span class='ocrx_word' id='word_1_249' title='bbox 1277 2808 1525 2872; x_wconf 90' lang='lat' dir='ltr'>ADDX,</span> <span class='ocrx_word' id='word_1_250' title='bbox 1555 2809 1600 2863; x_wconf 92' lang='lat' dir='ltr'>si</span> <span class='ocrx_word' id='word_1_251' title='bbox 1629 2808 1778 2865; x_wconf 87' lang='lat' dir='ltr'>circa</span> <span class='ocrx_word' id='word_1_252' title='bbox 1804 2810 1897 2865; x_wconf 90' lang='lat' dir='ltr'>illa</span> <span class='ocrx_word' id='word_1_253' title='bbox 1924 2810 2159 2866; x_wconf 89' lang='lat' dir='ltr'>immota</span> <span class='ocrx_word' id='word_1_254' title='bbox 2185 2831 2283 2867; x_wconf 89' lang='lat' dir='ltr'>ex-</span> 
     </span>
     <span class='ocr_line' id='line_1_29' title="bbox 453 2899 2278 2971; baseline 0.001 -16"><span class='ocrx_word' id='word_1_255' title='bbox 453 2910 634 2955; x_wconf 87' lang='lat' dir='ltr'>trema</span> <span class='ocrx_word' id='word_1_256' title='bbox 687 2909 895 2970; x_wconf 90' lang='lat' dir='ltr'>puncta</span> <span class='ocrx_word' id='word_1_257' title='bbox 963 2899 1041 2955; x_wconf 88' lang='lat' dir='ltr'>ita</span> <span class='ocrx_word' id='word_1_258' title='bbox 1096 2900 1308 2954; x_wconf 89' lang='lat' dir='ltr'>revolvi</span> <span class='ocrx_word' id='word_1_259' title='bbox 1379 2900 1769 2971; x_wconf 87' lang='lat' dir='ltr'>intelligantur</span> <span class='ocrx_word' id='word_1_260' title='bbox 1837 2902 1990 2971; x_wconf 87' lang='lat' dir='ltr'>ipsae</span> <span class='ocrx_word' id='word_1_261' title='bbox 2045 2901 2278 2966; x_wconf 88' lang='lat' dir='ltr'>ABBX,</span> 
     </span>
     <span class='ocr_line' id='line_1_30' title="bbox 451 2991 2278 3063; baseline 0.001 -17"><span class='ocrx_word' id='word_1_262' title='bbox 451 2992 684 3055; x_wconf 90' lang='lat' dir='ltr'>ACCX,</span> <span class='ocrx_word' id='word_1_263' title='bbox 714 3011 855 3062; x_wconf 89' lang='lat' dir='ltr'>quae</span> <span class='ocrx_word' id='word_1_264' title='bbox 881 2991 1010 3047; x_wconf 90' lang='lat' dir='ltr'>hinc</span> <span class='ocrx_word' id='word_1_265' title='bbox 1036 2992 1166 3048; x_wconf 90' lang='lat' dir='ltr'>inde</span> <span class='ocrx_word' id='word_1_266' title='bbox 1191 3010 1319 3047; x_wconf 90' lang='lat' dir='ltr'>cum</span> <span class='ocrx_word' id='word_1_267' title='bbox 1346 2991 1439 3047; x_wconf 84' lang='lat' dir='ltr'>illa</span> <span class='ocrx_word' id='word_1_268' title='bbox 1466 2991 1697 3047; x_wconf 91' lang='lat' dir='ltr'>ADDX</span> <span class='ocrx_word' id='word_1_269' title='bbox 1725 2992 1969 3063; x_wconf 92' lang='lat' dir='ltr'>spatium</span> <span class='ocrx_word' id='word_1_270' title='bbox 1994 2993 2278 3057; x_wconf 81' lang='lat' dir='ltr'>claudunt,</span> 
     </span>
     <span class='ocr_line' id='line_1_31' title="bbox 451 3082 2280 3155; baseline 0.002 -16"><span class='ocrx_word' id='word_1_271' title='bbox 451 3092 511 3139; x_wconf 89' lang='lat' dir='ltr'>ut</span> <span class='ocrx_word' id='word_1_272' title='bbox 544 3083 794 3154; x_wconf 88' lang='lat' dir='ltr'>ipsarum</span> <span class='ocrx_word' id='word_1_273' title='bbox 826 3083 1053 3155; x_wconf 90' lang='lat' dir='ltr'>quidem</span> <span class='ocrx_word' id='word_1_274' title='bbox 1088 3083 1321 3147; x_wconf 88' lang='lat' dir='ltr'><strong>ABBX,</strong></span> <span class='ocrx_word' id='word_1_275' title='bbox 1358 3082 1572 3140; x_wconf 87' lang='lat' dir='ltr'>ACCX</span> <span class='ocrx_word' id='word_1_276' title='bbox 1606 3093 1813 3155; x_wconf 90' lang='lat' dir='ltr'>puncta</span> <span class='ocrx_word' id='word_1_277' title='bbox 1843 3084 2177 3141; x_wconf 89' lang='lat' dir='ltr'>intermedia</span> <span class='ocrx_word' id='word_1_278' title='bbox 2209 3086 2280 3142; x_wconf 89' lang='lat' dir='ltr'>ad</span> 
     </span>
    </p>
   </div>
   <div class='ocr_carea' id='block_1_2' title="bbox 1330 3577 1400 3612">
    <p class='ocr_par' dir='ltr' id='par_1_3' title="bbox 1330 3577 1400 3612">
     <span class='ocr_line' id='line_1_32' title="bbox 1330 3577 1400 3612; baseline 0.029 -2"><span class='ocrx_word' id='word_1_279' title='bbox 1330 3577 1400 3612; x_wconf 83' lang='lat'>174</span> 
     </span>
    </p>
   </div>
  </div>
 </body>
</html>
