2456 4016
1052 373 1454 420 PROPOSITIO
1481 373 1663 419 XXXI.

440 497 570 552 Iam
606 495 732 552 dico
769 497 985 551 nullum
1020 496 1154 568 fore
1187 494 1606 567 praedictorum
1642 495 1703 552 in
1738 496 1959 551 duobus
1996 491 2273 551 distinctis

594 587 818 657 punctis
849 587 1233 643 communium
1263 586 1793 659 perpendiculorum
1824 585 2060 642 limitem
2092 586 2270 641 deter-

597 679 892 745 minatum,
934 698 1045 749 quo
1089 678 1278 733 minus
1317 680 1420 734 sub
1462 677 1699 745 minore,
1743 696 1808 734 ac
1848 677 2067 733 minore
2109 685 2271 732 acuto

596 772 823 842 angulo,
852 772 925 826 ad
950 771 1090 825 illud
1115 778 1387 841 punctum
1413 770 1464 824 A
1499 769 1822 836 constitum,
1852 767 2106 824 deveniri
2129 786 2272 823 sem·

594 872 697 932 per
734 861 916 933 possit
965 862 1167 933 (juxta
1207 860 1545 933 hypothesin
1585 860 1779 932 anguli
1818 858 2000 931 acuti)
2051 860 2123 915 ad
2166 859 2273 914 tale

596 972 893 1008 commune
916 953 976 1008 ⁴in
1000 955 1221 1008 duobus
1247 952 1526 1009 distinctis
1548 951 1772 1024 punctis
1794 949 2271 1023 perpendiculum,

597 1047 749 1115 quod
782 1045 857 1099 sit
889 1045 1077 1100 minus
1110 1043 1358 1116 qualibet
1389 1044 1677 1115 assignata
1709 1042 2063 1123 lonyitudine
2096 1042 2164 1098 R.

560 1181 1014 1234 Demonstratur.
1098 1179 1393 1250 Quatenus
1430 1179 1582 1234 enim
1620 1178 1783 1233 aliter
1820 1196 1909 1233 res
1947 1196 2006 1233 se
2044 1178 2275 1242 habeat;

443 1271 487 1324 si
524 1290 596 1325 ex
630 1280 839 1341 puncto
874 1272 932 1325 K
976 1271 1190 1341 (recole
1224 1271 1316 1342 fig.
1357 1270 1481 1341 30.)
1527 1271 1585 1324 in
1619 1269 1966 1340 quantalibet
2000 1288 2033 1324 a
2067 1277 2275 1339 puncto

443 1363 489 1416 Β
523 1363 793 1417 distantia
824 1362 882 1416 in
915 1381 980 1417 ea
1013 1362 1119 1416 ΒΧ
1152 1362 1459 1433 assignatO,
1494 1363 1768 1417 educatur
1799 1359 2275 1431 perpendicularis

444 1454 568 1519 KL,
600 1456 672 1509 ad
701 1472 872 1524 quam
899 1473 973 1509 ex
999 1463 1209 1524 puncto
1238 1454 1293 1507 A
1331 1453 1533 1525 (juxta
1563 1453 1649 1508 12.
1682 1452 1882 1523 primi)
1921 1452 2166 1507 demissa
2192 1450 2275 1505 in-

442 1546 730 1616 telligatur
778 1545 1257 1616 perpendicularis
1308 1545 1430 1609 AL,
1483 1545 1710 1599 deberet
1759 1544 1880 1614 ipsa
1931 1544 2039 1599 KL
2084 1542 2275 1613 major

442 1655 564 1692 esse
593 1656 658 1692 ea
688 1636 1043 1708 longitudine
1073 1637 1139 1691 R.
1175 1637 1346 1691 Ratio
1376 1646 1565 1691 autem
1594 1645 1707 1702 est3
1737 1636 1868 1705 quia
1898 1643 2188 1705 assumpto
2219 1634 2275 1688 in

442 1730 642 1784 eadem
679 1729 786 1783 ΒΧ
824 1728 1025 1784 altiore
1062 1738 1270 1799 puncto
1308 1728 1379 1800 Q,
1419 1747 1493 1783 ex
1527 1746 1640 1798 quo
1677 1728 1949 1782 educatur
1986 1728 2058 1782 ad
2096 1726 2275 1796 ipsam

444 1820 551 1875 ΒΧ
601 1820 1080 1891 perpendicularis
1129 1821 1251 1892 QF,
1302 1822 1375 1874 ad
1423 1838 1594 1890 quam
1651 1819 1851 1889 (juxta
1899 1820 2137 1873 eandem
2187 1816 2270 1872 12.

442 1912 642 1983 primi)
686 1912 1018 1967 demittatur
1051 1911 1528 1982 perpendicularis
1565 1911 1686 1975 AF,
1724 1911 1950 1965 deberet
1983 1911 2120 1964 haec
2154 1927 2273 1964 rur-

443 2022 570 2059 sum
596 2004 795 2059 saltem
821 2022 937 2059 non
962 2022 1083 2058 esse
1108 2003 1298 2057 minor
1323 2021 1389 2058 ea
1414 2002 1767 2074 longitudine
1795 2002 1863 2056 R.
1934 2001 2062 2056 Erit
2087 2009 2275 2057 autem

443 2095 552 2151 KL
593 2095 698 2167 (ex
729 2095 858 2151 Cor.
893 2096 1147 2166 praeced.
1183 2094 1388 2165 Prop.)
1426 2094 1619 2165 major
1649 2093 1770 2163 ipsa
1802 2094 1922 2165 QF.
1995 2091 2181 2164 Igitur
2210 2110 2274 2147 ea

444 2188 553 2242 KL
577 2187 770 2258 major
799 2187 951 2242 foret
977 2187 1264 2257 praedicta
1291 2185 1643 2257 longitudine
1672 2185 1739 2239 R.
1810 2184 1999 2255 Atque
2026 2184 2106 2239 ita
2132 2201 2273 2238 sem-

443 2297 543 2349 per
570 2279 738 2334 altius
767 2279 1139 2349 procedendo

556 2371 688 2441 Jam
716 2388 883 2425 vero:
916 2369 961 2424 si
992 2369 1087 2425 illa
1116 2378 1547 2439 quantacunque
1579 2369 1685 2423 KB
1717 2367 1900 2423 divisa
1929 2367 2274 2438 intelligatur

454 2463 654 2533 (prout
695 2462 752 2516 in
794 2461 985 2517 XXV.
1028 2461 1236 2532 hujus)
1286 2460 1343 2515 in
1384 2459 1672 2530 portiones
1716 2459 1850 2523 KK,
1894 2458 2154 2529 aequales
2196 2457 2275 2513 illi

442 2553 784 2625 longitudini
829 2553 899 2617 R,
943 2553 1366 2622 educanturque
1407 2570 1481 2607 ex
1524 2550 1634 2605 illis
1678 2550 1898 2621 punctis
1942 2552 2000 2605 K
2041 2568 2275 2621 perpen-

444 2645 739 2709 diculareS,
779 2663 922 2714 quae
960 2652 1259 2699 occurrant
1297 2642 1401 2713 ipsi
1442 2642 1555 2696 AX
1593 2642 1650 2696 in
1688 2642 1908 2712 punctis
1948 2643 2026 2706 H,
2067 2642 2139 2705 D,
2180 2641 2275 2706 M;

444 2755 558 2791 non
590 2745 756 2792 erunt
786 2735 978 2807 anguli
1010 2735 1082 2790 ad
1114 2736 1250 2789 haec
1282 2742 1505 2804 puncta,
1537 2751 1735 2789 versus
1767 2742 1954 2803 partes
1986 2732 2176 2803 puncti
2207 2732 2272 2796 L,

444 2838 542 2884 aut
582 2827 733 2893 recti,
774 2836 872 2883 aut
908 2826 1124 2892 obtusi3
1163 2845 1232 2881 ne
1273 2825 1329 2879 in
1369 2824 1559 2895 aliquo
1598 2823 1997 2894 quadrilater0‚
2039 2833 2102 2880 ut
2140 2832 2273 2894 puta

1324 3513 1392 3548 166
