2456 4016
478 285 577 332 aut
601 285 815 341 acut05‚
845 275 892 331 si
920 276 1128 347 major.
1198 278 1351 333 Turn
1378 296 1515 334 vero
1544 278 1765 334 ostendi
1795 278 2032 335 debebat
2059 298 2175 334 non
2202 278 2312 334 nisi

478 385 678 423 cavam
708 385 831 423 esse
862 385 1028 438 posse
1059 386 1258 423 versus
1290 368 1473 424 basim
1504 368 1611 423 AB
1644 369 1853 425 lineam
1884 388 2134 435 curvam,
2170 387 2313 441 quae

489 458 581 530 (in
617 458 916 530 hypothesi
954 459 1148 530 anguli
1187 459 1368 530 acuti)
1416 459 1624 531 jungat
1660 461 2047 517 extremitates
2086 457 2314 517 illorum

482 549 804 621 aequalium
854 549 1403 622 perpendiculorum,
1458 569 1523 606 ae
1575 569 1804 607 rursum
1853 570 1971 607 non
2020 551 2131 607 nisi
2181 569 2315 608 con-

479 659 688 696 vexam
735 659 935 697 versus
984 642 1224 697 eandem
1271 641 1452 697 basim
1501 641 1672 697 aliam
1720 660 1970 708 curvam,
2022 661 2166 713 quae
2224 643 2315 715 (in

480 732 780 804 hypothesi
822 732 1017 804 anguli
1058 732 1277 804 obtusi)
1329 732 1536 804 jungat
1576 734 1964 790 extremitates
2006 735 2315 791 eorundem

480 823 1026 894 perpendiculorum.
1107 824 1329 879 Deinde
1365 833 1555 879 autem
1590 824 1917 896 hypothesis
1954 825 2184 896 quidem
2218 844 2318 881 an·

481 915 599 986 guli
628 915 778 971 acuti
809 934 883 970 ex
912 933 982 970 eo
1011 916 1457 971 demonstranda
1485 925 1607 971 erat
1639 916 1816 982 falsa;
1846 916 1980 987 quia
2008 916 2156 973 linea
2186 916 2318 988 jun-

484 1024 623 1078 gens
676 1006 1099 1076 praedictorum
1149 1007 1682 1077 perpendiculorum
1732 1008 2121 1063 extremitates
2173 1009 2317 1064 adeo

481 1116 598 1153 non
627 1097 735 1153 erit
765 1098 1015 1168 aequalis
1045 1098 1166 1154 basi
1198 1097 1322 1162 AB,
1354 1107 1418 1153 ut
1449 1098 1625 1154 immo
1665 1099 1771 1170 (ex
1800 1099 2086 1155 communi
2118 1099 2318 1155 saltem

481 1189 746 1260 notione)
786 1188 981 1260 major
1012 1189 1086 1245 sit
1120 1189 1216 1245 illa
1249 1189 1448 1260 juncta
1483 1198 1635 1245 recta
1670 1190 1792 1256 CD,
1830 1208 1973 1261 quae
2007 1209 2081 1246 ex
2113 1200 2318 1247 natura

482 1280 777 1352 ipsiusmet
816 1280 1145 1352 hypothesis
1184 1280 1378 1351 major
1417 1290 1503 1336 est
1541 1281 1829 1351 praedicta
1869 1281 1990 1337 basi
2032 1281 2154 1337 AB.
2238 1282 2320 1338 At

481 1371 810 1443 hypothesis
840 1372 1033 1444 anguli
1066 1372 1251 1428 obtusi
1284 1371 1512 1428 aliunde
1542 1373 1893 1428 ostendenda
1922 1382 2044 1429 erat
2074 1373 2179 1429 sibi
2211 1373 2318 1445 ipsi

483 1481 823 1536 repugnanS‚
854 1472 1024 1534 prout
1052 1462 1111 1518 in
1139 1463 1304 1519 XIV.
1335 1463 1526 1534 hujus
1601 1464 1714 1520 Sed
1742 1464 1880 1519 haec
1908 1463 2030 1534 jam
2059 1464 2211 1520 satis,

1119 1622 1282 1679 Finis
1308 1622 1470 1679 Libri
1493 1621 1677 1694 primi.
