2456 4016
448 302 593 359 thesi
632 301 825 375 anguli
866 301 1046 374 acuti)
1096 300 1342 373 qualibet
1382 300 1540 359 finita
1580 302 1867 375 assignata
1906 301 2274 375 longitudine,

449 404 511 451 ut
550 403 688 466 puta
728 395 1016 466 praedicta
1057 394 1176 450 basi
1220 394 1341 449 AB.
1429 395 1559 449 Hoc
1601 404 1812 451 stante:
1857 403 2178 450 assumatur
2220 395 2277 449 in

450 485 558 542 ΒΧ
592 486 717 559 (fig.
744 485 868 558 35.)
903 487 1181 557 quaedam
1206 487 1308 542 BT
1332 486 1581 557 aequalis
1605 486 1709 557 ipsi
1737 486 1874 552 CN;
1899 487 2278 557 educaturque

449 595 523 633 ex
552 587 761 649 puncto
792 580 844 634 T
874 595 1073 633 versus
1105 577 1219 632 AX
1251 577 1727 649 perpendicularis
1759 578 1873 642 TS,
1908 596 2049 648 quae
2080 595 2278 648 nempe

441 669 566 741 (ex
594 670 822 727 Scholio
849 678 977 740 post
1004 669 1226 725 XXIV.
1257 668 1463 739 hujus)
1501 679 1757 725 occurret
1784 668 1888 739 ipsi
1917 669 2030 723 AX
2058 668 2116 724 in
2143 686 2279 740 quo-

451 762 583 817 dam
619 770 829 833 puncto
869 761 925 817 S.
1005 760 1226 816 Deinde
1264 779 1336 815 ex
1370 769 1578 831 puncto
1620 761 1659 817 S
1698 760 2028 815 demittatur
2064 760 2136 815 ad
2175 759 2279 814 AB

451 852 929 924 perpendicularis
966 852 1079 923 SQ.
1157 852 1337 907 Cadet
1368 854 1505 907 haec
1548 852 1809 923 (propter
1843 850 1929 906 17.
1967 851 2166 922 primi)
2210 852 2280 906 ad

452 954 640 1015 partes
681 944 874 1014 anguli
917 939 1065 999 acuti
1112 943 1262 1000 SAR
1305 943 1450 999 inter
1490 952 1697 1014 puncta
1740 943 1810 1007 A,
1855 952 1909 998 et
1951 944 2014 998 B.
2099 943 2281 997 Porro

452 1045 650 1092 acutus
681 1035 788 1091 erit
818 1036 1059 1107 angulus
1092 1035 1247 1107 QST
1278 1035 1336 1089 in
1367 1035 1751 1105 quadrilatero
1782 1035 2006 1106 QSTB,
2040 1053 2168 1090 cum
2199 1052 2282 1089 re-

452 1127 590 1198 liqui
624 1137 739 1183 tres
772 1127 965 1198 anguli
1002 1126 1114 1182 sint
1149 1127 1314 1193 recti;
1349 1146 1418 1184 ne
1465 1127 1693 1197 (contra
1727 1127 1798 1181 V.
1837 1135 1892 1181 et
1925 1125 2029 1181 VI.
2068 1125 2274 1196 hujus)

452 1219 767 1275 incidamus
804 1219 862 1273 in
898 1218 1236 1290 hypothesin
1273 1227 1371 1273 aut
1405 1218 1597 1289 anguli
1636 1217 1787 1280 recti,
1826 1226 1924 1272 aut
1959 1217 2151 1289 anguli
2187 1216 2282 1272 ob-

451 1311 579 1367 tusi.
632 1310 787 1366 Hinc
815 1319 966 1366 recta
997 1310 1096 1381 SQ
1122 1309 1314 1380 major
1341 1310 1447 1365 erit
1474 1309 1577 1380 (ex
1606 1309 1735 1365 Cor.
1758 1308 1800 1363 I.
1833 1317 1960 1379 post
1988 1310 2037 1365 3.
2069 1307 2275 1379 hujus)

454 1411 606 1458 recta
641 1403 760 1467 BT,
798 1402 916 1457 sive
952 1402 1089 1468 CN;
1123 1420 1188 1456 ac
1222 1419 1449 1457 rursum
1484 1401 1724 1472 angulus
1761 1400 1921 1472 ASQ
1954 1400 2144 1470 major
2179 1399 2284 1455 erit

453 1512 704 1559 excessu,
738 1512 850 1564 quo
883 1494 1124 1565 angulus
1157 1493 1390 1548 obtusus
1424 1492 1579 1549 AST
1612 1493 1834 1547 excedit
1867 1492 2138 1563 angulum
2171 1509 2285 1545 rec-

454 1595 593 1651 tum,
622 1595 677 1641 et
703 1586 782 1641 sic
806 1585 998 1655 major
1024 1585 1234 1656 angulo
1262 1585 1455 1640 MNC.
1526 1585 1784 1639 Ducatur
1810 1583 1983 1654 igitur
2011 1583 2286 1653 quaedam

459 1678 551 1734 SF
581 1696 776 1733 secans
807 1677 919 1749 AQ
950 1677 1007 1731 in
1038 1678 1102 1741 F,
1135 1685 1190 1731 et
1219 1676 1464 1731 efficiens
1493 1694 1621 1731 cum
1655 1675 1754 1732 SA
1783 1675 2055 1746 angulum
2085 1692 2287 1744 aequa-

456 1770 568 1824 lem
595 1769 700 1840 ipsi
730 1770 923 1825 MNC.
997 1768 1217 1823 Deinde
1247 1788 1319 1823 ex
1348 1777 1556 1838 puncto
1586 1767 1641 1820 A
1669 1768 1908 1821 ducatur
1936 1767 2009 1821 ad
2041 1767 2132 1822 SF
2161 1783 2289 1836 pro-

458 1862 686 1917 ductam
721 1859 1198 1931 perpendicularis
1234 1859 1361 1915 AO.
1441 1859 1620 1914 Cadet
1654 1867 1924 1929 punctum
1959 1858 2012 1914 O
2059 1858 2164 1928 (ex
2200 1855 2271 1912 17
2275 1901 2286 1911 .

458 1953 658 2024 primi)
696 1952 854 2007 infra
879 1960 1151 2022 punctum
1179 1952 1243 2016 F,
1273 1970 1401 2006 cum
1429 1950 1669 2021 angulus
1697 1950 1848 2006 AFS
1887 1950 1991 2020 (ex
2020 1949 2107 2004 16.
2138 1948 2290 2019 ejus-

460 2047 589 2101 dem
625 2044 825 2116 primi)
873 2043 944 2099 sit
980 2045 1230 2099 obtusus.
1311 2043 1569 2098 Tandem
1605 2060 1771 2107 vero;
1806 2059 1934 2097 cum
1972 2041 2065 2097 FS
2101 2040 2291 2111 major
