2456 4016
377 359 547 414 BAH
579 359 788 431 angulo
820 369 972 415 recto
1003 359 1061 414 in
1091 359 1174 426 A;
1205 378 1270 414 ac
1299 377 1526 415 rursum
1556 358 1612 414 in
1643 359 1862 416 duobus
1893 358 2002 413 illis
2030 357 2205 415 trian-

376 451 523 522 gulis
555 451 820 521 adjacent
852 451 1035 506 eidem
1067 451 1227 506 lateri
1263 451 1375 506 ΗΒ
1409 451 1668 521 aequales
1702 450 1911 523 anguli,
1947 450 2041 521 qui
2076 458 2204 506 sunt

377 543 435 596 in
461 542 650 612 priore
677 543 905 612 quidem
931 542 1217 613 triangulo
1245 542 1485 613 angulus
1513 543 1702 607 BHD,
1732 551 1786 597 et
1812 542 1870 596 in
1896 541 2205 612 posteriore

377 634 617 704 angulus
646 634 818 688 HBA
834 653 846 700 ;
872 633 979 689 erit
1004 633 1175 688 etiam
1210 633 1314 705 (ex
1338 633 1428 688 26.
1458 633 1657 705 primi)
1695 633 1941 704 reliquus
1967 632 2206 704 angulus

378 725 551 780 HBD
578 725 636 780 in
661 725 850 797 priore
877 725 1164 796 triangulo
1192 725 1441 795 aequalis
1470 725 1685 796 reliquo
1713 724 1923 796 angulo
1950 723 2123 779 BHA
2150 723 2207 778 in

377 816 691 886 posteriore
715 816 1017 887 triangulo,
1088 816 1281 888 Quare
1306 816 1524 888 integer
1548 816 1789 888 angulus
1817 814 1983 870 DBA
2007 833 2208 886 aequa-

378 908 446 963 lis
477 907 584 963 erit
613 908 837 980 integro
866 908 1076 979 angulo
1108 907 1304 962 AHD.

491 1000 623 1070 Jam
660 1018 826 1054 vero:
865 1017 981 1054 non
1019 999 1125 1054 erit
1162 1008 1397 1070 uterque
1435 1000 1854 1070 praedictorum
1892 998 2208 1070 aequalium

379 1091 720 1162 angulorum
766 1091 1016 1156 obtusuS‚
1064 1110 1134 1146 ne
1180 1091 1493 1146 incidamus
1550 1092 1654 1162 (ex
1699 1090 2097 1161 praecedente)
2153 1089 2209 1144 in

379 1200 556 1237 unum
580 1200 773 1238 casum
797 1182 919 1252 jam
943 1183 1273 1252 reprobatae
1297 1183 1623 1253 hypothesis
1648 1182 1840 1253 anguli
1866 1182 2066 1237 obtusi.
2100 1182 2210 1238 Sed

380 1292 559 1343 neque
594 1274 700 1328 erit
735 1283 935 1338 rectuS,
972 1293 1041 1329 ne
1077 1274 1390 1330 incidamus
1436 1275 1540 1346 (ex
1573 1275 1771 1329 eadem
1804 1273 2202 1345 praecedente)

381 1365 438 1418 in
480 1384 657 1420 unum
699 1384 893 1420 casum
933 1384 1037 1436 pro
1080 1366 1376 1436 hypothesi
1421 1366 1614 1437 anguli
1659 1364 1811 1430 recti,
1858 1364 1952 1435 qui
1995 1365 2212 1421 nullum

392 1457 496 1526 (ex
536 1455 582 1511 5.
625 1457 831 1528 hujus)
880 1457 1219 1527 relinqueret
1256 1457 1442 1512 locum
1480 1456 1777 1528 hypothesi
1817 1456 2009 1527 anguli
2046 1455 2208 1512 acuti.

383 1548 639 1618 Uterque
663 1548 837 1619 igitur
862 1548 1088 1604 illorum
1111 1549 1451 1620 angulorum
1474 1549 1581 1604 erit
1605 1557 1816 1604 acutus.
1846 1550 1977 1603 Hoc
2001 1556 2212 1604 stante:

383 1639 555 1710 Quod
596 1648 747 1694 recta
786 1641 893 1694 BD
932 1649 1220 1710 protracta
1257 1659 1553 1696 occurrere
1590 1649 1832 1710 nequeat
1871 1640 1928 1695 in
1968 1641 2212 1711 quodam

382 1740 592 1800 puncto
635 1733 692 1787 K
733 1731 837 1802 ipsi
882 1731 1002 1786 AH
1047 1733 1119 1787 ad
1161 1733 1389 1787 easdem
1432 1740 1619 1802 partes
1663 1732 1986 1802 productae,
2032 1751 2106 1787 ex
2148 1750 2214 1787 eo

383 1824 834 1890 demonstratur;
870 1823 1002 1894 quia
1037 1824 1095 1878 in
1129 1824 1417 1894 triangulo
1452 1824 1649 1888 KDH,
1687 1832 1910 1893 praeter
1945 1823 2214 1895 angulum

384 1923 599 1969 rectum
630 1915 688 1969 in
720 1915 790 1980 D,
824 1916 1046 1970 adesset
1076 1915 1317 1986 angulus
1349 1916 1582 1971 obtusus
1615 1915 1672 1969 in
1704 1916 1782 1980 H,
1816 1934 1944 1970 cum
1975 1915 2214 1987 angulus

384 2005 580 2071 AHD,
618 2006 675 2060 in
709 2006 997 2076 praedicta
1031 2007 1328 2078 hypothesi
1364 2007 1556 2078 anguli
1592 2007 1757 2071 acuti,
1796 2008 2214 2062 demonstratus

385 2097 456 2152 sit
493 2106 705 2153 acutus,
785 2099 917 2153 Hoc
954 2107 1144 2154 autem
1180 2097 1490 2154 absurdum
1525 2107 1625 2163 est,
1666 2107 1863 2153 contra
1905 2096 1988 2153 17.
2029 2097 2211 2169 primi.

386 2189 520 2244 Non
545 2208 683 2261 ergo
708 2189 1011 2245 subsistere
1035 2199 1219 2260 potest
1243 2189 1300 2244 in
1326 2208 1391 2245 ea
1407 2189 1721 2261 hypothesi,
1749 2199 1811 2246 ut
1836 2189 2066 2260 quaevis
2090 2190 2213 2254 BD,

384 2280 628 2336 efficiens
659 2299 788 2336 cum
818 2300 947 2346 una,
982 2290 1044 2337 ut
1075 2281 1208 2336 libet
1238 2300 1415 2352 parva
1446 2290 1597 2336 recta
1628 2281 1751 2346 AB,
1785 2280 2088 2352 quemlibet
2119 2299 2216 2336 an-

385 2372 581 2443 gulum
621 2382 850 2428 acutum
889 2391 1086 2428 versus
1127 2381 1314 2443 partes
1355 2372 1530 2443 ipsius
1570 2372 1707 2437 AH,
1751 2390 2055 2428 occursura
2094 2382 2217 2429 tan-

386 2465 515 2519 dem
550 2464 623 2519 sit
658 2465 730 2519 ad
764 2464 999 2529 finitam,
1039 2483 1138 2520 seu
1172 2464 1534 2519 terminatam
1570 2464 1914 2529 distantiam,
1954 2464 2060 2535 ipsi
2097 2464 2215 2520 AH

385 2556 707 2625 productae.
791 2556 962 2627 Quod
1002 2564 1123 2611 erat
1160 2557 1681 2611 demonstrandum.

502 2646 688 2702 Aliter
721 2647 887 2711 idem,
924 2666 989 2702 ac
1026 2647 1266 2702 facilius.
1344 2647 1617 2702 Insistant
1650 2647 1749 2704 uni
1784 2647 2009 2703 cuidam
2043 2666 2217 2718 quan-

386 2738 644 2794 tumlibet
666 2729 875 2809 parvae
901 2747 1084 2794 rectae
1109 2738 1214 2793 AB
1250 2738 1373 2810 (fig.
1406 2738 1527 2809 16.)
1561 2740 1706 2794 duae
1730 2739 2218 2809 perpendiculares

395 2826 490 2882 [25]
535 2829 667 2895 AK,
707 2831 841 2885 ΒΜ.
922 2830 1271 2886 Demittatur
1307 2831 1380 2885 ad
1417 2830 1534 2885 ΑΚ
1570 2849 1643 2885 ex
1679 2830 1868 2901 aliquo
1905 2839 2114 2901 puncto
2152 2832 2217 2885 M
2255 2882 2257 2884 ,

388 2922 564 2992 ipsius
602 2922 721 2978 ΒΜ
759 2922 1236 2993 perpendicularis
1275 2922 1424 2986 MH,
1465 2921 1850 2993 jungaturque
1886 2922 2015 2977 BH.
2071 2921 2219 2978 Con-

390 3023 501 3069 stat
530 3023 758 3070 acutum
790 3014 917 3070 fore
947 3014 1218 3085 angulum
1248 3013 1448 3069 BHM.
1521 3014 1626 3069 Est
1656 3013 1826 3069 etiam
1866 3013 1970 3086 (ex
1998 3032 2219 3085 praece-
