<?xml version="1.0" encoding="UTF-8"?>
<!DOCTYPE html PUBLIC "-//W3C//DTD XHTML 1.0 Transitional//EN"
    "http://www.w3.org/TR/xhtml1/DTD/xhtml1-transitional.dtd">
<html xmlns="http://www.w3.org/1999/xhtml" xml:lang="en" lang="en">
 <head>
  <title>
</title>
<meta http-equiv="Content-Type" content="text/html;charset=utf-8" />
  <meta name='ocr-system' content='tesseract 3.04.00' />
  <meta name='ocr-capabilities' content='ocr_page ocr_carea ocr_par ocr_line ocrx_word'/>
</head>
<body>
  <div class='ocr_page' id='page_1' title='image "./giroeuclvindicat00saccrich_0186.png"; bbox 0 0 2456 4016; ppageno 0'>
   <div class='ocr_carea' id='block_1_1' title="bbox 595 286 2276 1183">
    <p class='ocr_par' dir='ltr' id='par_1_1' title="bbox 595 286 2276 1183">
     <span class='ocr_line' id='line_1_1' title="bbox 596 286 2274 362; baseline 0.002 -18"><span class='ocrx_word' id='word_1_1' title='bbox 596 286 718 344; x_wconf 81' lang='lat' dir='ltr'>sine</span> <span class='ocrx_word' id='word_1_2' title='bbox 742 290 858 345; x_wconf 79' lang='lat' dir='ltr'>ullo</span> <span class='ocrx_word' id='word_1_3' title='bbox 885 297 1037 345; x_wconf 87' lang='lat' dir='ltr'>certo</span> <span class='ocrx_word' id='word_1_4' title='bbox 1062 288 1240 345; x_wconf 82' lang='lat' dir='ltr'>limite</span> <span class='ocrx_word' id='word_1_5' title='bbox 1266 291 1340 345; x_wconf 90' lang='lat' dir='ltr'>ad</span> <span class='ocrx_word' id='word_1_6' title='bbox 1363 308 1425 345; x_wconf 87' lang='lat' dir='ltr'>se</span> <span class='ocrx_word' id='word_1_7' title='bbox 1448 289 1689 346; x_wconf 82' lang='lat' dir='ltr'>invicem</span> <span class='ocrx_word' id='word_1_8' title='bbox 1716 291 2001 357; x_wconf 82' lang='lat' dir='ltr'><em>accedant,</em></span> <span class='ocrx_word' id='word_1_9' title='bbox 2027 298 2274 362; x_wconf 81' lang='lat' dir='ltr'>praeter-</span> 
     </span>
     <span class='ocr_line' id='line_1_2' title="bbox 597 380 2272 454; baseline 0.001 -19"><span class='ocrx_word' id='word_1_10' title='bbox 597 399 767 452; x_wconf 82' lang='lat' dir='ltr'><strong><em>quam</em></strong></span> <span class='ocrx_word' id='word_1_11' title='bbox 816 383 889 436; x_wconf 87' lang='lat' dir='ltr'>ad</span> <span class='ocrx_word' id='word_1_12' title='bbox 936 380 1216 452; x_wconf 79' lang='lat' dir='ltr'>infinitam</span> <span class='ocrx_word' id='word_1_13' title='bbox 1266 383 1572 437; x_wconf 79' lang='lat' dir='ltr'>earundem</span> <span class='ocrx_word' id='word_1_14' title='bbox 1619 381 2081 454; x_wconf 80' lang='lat' dir='ltr'>productionem;</span> <span class='ocrx_word' id='word_1_15' title='bbox 2128 381 2272 438; x_wconf 81' lang='lat' dir='ltr'>Dico</span> 
     </span>
     <span class='ocr_line' id='line_1_3' title="bbox 600 473 2272 545; baseline 0.001 -18"><span class='ocrx_word' id='word_1_16' title='bbox 600 490 796 528; x_wconf 80' lang='lat' dir='ltr'>omnes</span> <span class='ocrx_word' id='word_1_17' title='bbox 817 474 1058 543; x_wconf 74' lang='lat' dir='ltr'>anyulos</span> <span class='ocrx_word' id='word_1_18' title='bbox 1090 473 1214 544; x_wconf 73' lang='lat' dir='ltr'>(fiy.</span> <span class='ocrx_word' id='word_1_19' title='bbox 1241 473 1366 544; x_wconf 84' lang='lat'>33.)</span> <span class='ocrx_word' id='word_1_20' title='bbox 1398 473 1471 528; x_wconf 87' lang='lat' dir='ltr'>ad</span> <span class='ocrx_word' id='word_1_21' title='bbox 1493 473 1770 544; x_wconf 84' lang='lat' dir='ltr'><em>quaelibet</em></span> <span class='ocrx_word' id='word_1_22' title='bbox 1791 482 2001 545; x_wconf 83' lang='lat' dir='ltr'>puncta</span> <span class='ocrx_word' id='word_1_23' title='bbox 2021 474 2088 539; x_wconf 89' lang='lat' dir='ltr'>L,</span> <span class='ocrx_word' id='word_1_24' title='bbox 2112 474 2193 540; x_wconf 92' lang='lat' dir='ltr'>H,</span> <span class='ocrx_word' id='word_1_25' title='bbox 2217 474 2272 528; x_wconf 94' lang='lat' dir='ltr'><em>D</em></span> 
     </span>
     <span class='ocr_line' id='line_1_4' title="bbox 596 562 2275 636; baseline 0.001 -18"><span class='ocrx_word' id='word_1_26' title='bbox 596 562 775 633; x_wconf 81' lang='lat' dir='ltr'>ipsius</span> <span class='ocrx_word' id='word_1_27' title='bbox 797 564 932 630; x_wconf 84' lang='lat' dir='ltr'>AX,</span> <span class='ocrx_word' id='word_1_28' title='bbox 961 583 1034 619; x_wconf 78' lang='lat' dir='ltr'>ex</span> <span class='ocrx_word' id='word_1_29' title='bbox 1057 562 1261 634; x_wconf 82' lang='lat' dir='ltr'>quibus</span> <span class='ocrx_word' id='word_1_30' title='bbox 1286 563 1657 620; x_wconf 81' lang='lat' dir='ltr'><em>demittantur</em></span> <span class='ocrx_word' id='word_1_31' title='bbox 1680 566 1754 620; x_wconf 91' lang='lat' dir='ltr'>ad</span> <span class='ocrx_word' id='word_1_32' title='bbox 1778 573 1989 620; x_wconf 87' lang='lat' dir='ltr'>rectam</span> <span class='ocrx_word' id='word_1_33' title='bbox 2015 565 2126 619; x_wconf 88' lang='grc' dir='ltr'>ΒΧ</span> <span class='ocrx_word' id='word_1_34' title='bbox 2149 573 2275 636; x_wconf 82' lang='lat' dir='ltr'>per-</span> 
     </span>
     <span class='ocr_line' id='line_1_5' title="bbox 595 653 2275 728; baseline 0.002 -19"><span class='ocrx_word' id='word_1_35' title='bbox 595 653 988 725; x_wconf 79' lang='lat' dir='ltr'>pendiculares</span> <span class='ocrx_word' id='word_1_36' title='bbox 1012 655 1141 721; x_wconf 88' lang='lat' dir='ltr'>LK,</span> <span class='ocrx_word' id='word_1_37' title='bbox 1170 656 1311 721; x_wconf 88' lang='lat' dir='ltr'>HK,</span> <span class='ocrx_word' id='word_1_38' title='bbox 1339 656 1487 723; x_wconf 88' lang='lat' dir='ltr'><em>DK‚·</em></span> <span class='ocrx_word' id='word_1_39' title='bbox 1516 664 1632 712; x_wconf 87' lang='lat' dir='ltr'>tum</span> <span class='ocrx_word' id='word_1_40' title='bbox 1660 657 1793 728; x_wconf 78' lang='lat' dir='ltr'>fore</span> <span class='ocrx_word' id='word_1_41' title='bbox 1822 674 2016 711; x_wconf 82' lang='lat' dir='ltr'>omnes</span> <span class='ocrx_word' id='word_1_42' title='bbox 2045 657 2275 712; x_wconf 83' lang='lat' dir='ltr'>obtusos</span> 
     </span>
     <span class='ocr_line' id='line_1_6' title="bbox 595 745 2275 819; baseline 0.001 -19"><span class='ocrx_word' id='word_1_43' title='bbox 595 764 796 801; x_wconf 82' lang='lat' dir='ltr'>versus</span> <span class='ocrx_word' id='word_1_44' title='bbox 815 755 1007 817; x_wconf 79' lang='lat' dir='ltr'>partes</span> <span class='ocrx_word' id='word_1_45' title='bbox 1026 745 1222 817; x_wconf 80' lang='lat' dir='ltr'>puncti</span> <span class='ocrx_word' id='word_1_46' title='bbox 1241 746 1327 813; x_wconf 81' lang='lat' dir='ltr'>A‚·</span> <span class='ocrx_word' id='word_1_47' title='bbox 1353 755 1469 802; x_wconf 84' lang='lat' dir='ltr'>tum</span> <span class='ocrx_word' id='word_1_48' title='bbox 1492 748 1624 819; x_wconf 82' lang='lat' dir='ltr'>fore</span> <span class='ocrx_word' id='word_1_49' title='bbox 1646 755 1869 819; x_wconf 81' lang='lat' dir='ltr'><em>semper</em></span> <span class='ocrx_word' id='word_1_50' title='bbox 1888 746 2153 814; x_wconf 80' lang='lat' dir='ltr'>minores,</span> <span class='ocrx_word' id='word_1_51' title='bbox 2179 745 2275 818; x_wconf 78' lang='lat' dir='ltr'>qui</span> 
     </span>
     <span class='ocr_line' id='line_1_7' title="bbox 597 836 2276 910; baseline 0.001 -19"><span class='ocrx_word' id='word_1_52' title='bbox 597 836 781 908; x_wconf 61' lang='lat' dir='ltr'>magis</span> <span class='ocrx_word' id='word_1_53' title='bbox 820 837 1034 892; x_wconf 81' lang='lat' dir='ltr'>distant</span> <span class='ocrx_word' id='word_1_54' title='bbox 1072 839 1140 893; x_wconf 86' lang='lat' dir='ltr'>ab</span> <span class='ocrx_word' id='word_1_55' title='bbox 1183 856 1248 893; x_wconf 89' lang='lat' dir='ltr'>eo</span> <span class='ocrx_word' id='word_1_56' title='bbox 1288 846 1496 909; x_wconf 78' lang='lat' dir='ltr'>puncto</span> <span class='ocrx_word' id='word_1_57' title='bbox 1536 839 1622 905; x_wconf 78' lang='lat' dir='ltr'>A‚·</span> <span class='ocrx_word' id='word_1_58' title='bbox 1663 857 1727 894; x_wconf 90' lang='lat' dir='ltr'>ac</span> <span class='ocrx_word' id='word_1_59' title='bbox 1769 839 1995 894; x_wconf 80' lang='lat' dir='ltr'>tandem</span> <span class='ocrx_word' id='word_1_60' title='bbox 2036 840 2276 910; x_wconf 75' lang='lat' dir='ltr'>anyulos</span> 
     </span>
     <span class='ocr_line' id='line_1_8' title="bbox 597 928 2276 1002; baseline 0.001 -19"><span class='ocrx_word' id='word_1_61' title='bbox 597 928 797 1000; x_wconf 71' lang='lat' dir='ltr'>mayis,</span> <span class='ocrx_word' id='word_1_62' title='bbox 823 948 887 984; x_wconf 88' lang='lat' dir='ltr'>ac</span> <span class='ocrx_word' id='word_1_63' title='bbox 909 928 1094 999; x_wconf 63' lang='lat' dir='ltr'>arzayis</span> <span class='ocrx_word' id='word_1_64' title='bbox 1115 928 1390 984; x_wconf 80' lang='lat' dir='ltr'>distantes</span> <span class='ocrx_word' id='word_1_65' title='bbox 1412 931 1480 985; x_wconf 87' lang='lat' dir='ltr'>ab</span> <span class='ocrx_word' id='word_1_66' title='bbox 1506 931 1702 985; x_wconf 88' lang='lat' dir='ltr'>eodem</span> <span class='ocrx_word' id='word_1_67' title='bbox 1725 938 1933 1001; x_wconf 80' lang='lat' dir='ltr'>puncto</span> <span class='ocrx_word' id='word_1_68' title='bbox 1957 929 2032 996; x_wconf 80' lang='lat' dir='ltr'>A,</span> <span class='ocrx_word' id='word_1_69' title='bbox 2056 939 2276 1002; x_wconf 82' lang='lat' dir='ltr'><em>semper</em></span> 
     </span>
     <span class='ocr_line' id='line_1_9' title="bbox 595 1019 2273 1092; baseline 0.001 -17"><span class='ocrx_word' id='word_1_70' title='bbox 595 1019 782 1091; x_wconf 73' lang='lat' dir='ltr'>mayis</span> <span class='ocrx_word' id='word_1_71' title='bbox 806 1020 928 1076; x_wconf 79' lang='lat' dir='ltr'>sine</span> <span class='ocrx_word' id='word_1_72' title='bbox 954 1022 1069 1076; x_wconf 81' lang='lat' dir='ltr'>ullo</span> <span class='ocrx_word' id='word_1_73' title='bbox 1100 1029 1251 1076; x_wconf 84' lang='lat' dir='ltr'>certo</span> <span class='ocrx_word' id='word_1_74' title='bbox 1282 1020 1458 1076; x_wconf 82' lang='lat' dir='ltr'>limite</span> <span class='ocrx_word' id='word_1_75' title='bbox 1486 1022 1751 1077; x_wconf 86' lang='lat' dir='ltr'><em>accedere</em></span> <span class='ocrx_word' id='word_1_76' title='bbox 1779 1022 1851 1076; x_wconf 88' lang='lat' dir='ltr'>ad</span> <span class='ocrx_word' id='word_1_77' title='bbox 1880 1021 2273 1092; x_wconf 81' lang='lat' dir='ltr'>aequalitatem</span> 
     </span>
     <span class='ocr_line' id='line_1_10' title="bbox 597 1113 1163 1183; baseline 0 -16"><span class='ocrx_word' id='word_1_78' title='bbox 597 1130 724 1167; x_wconf 84' lang='lat' dir='ltr'>cum</span> <span class='ocrx_word' id='word_1_79' title='bbox 753 1113 962 1183; x_wconf 74' lang='lat' dir='ltr'>anyulo</span> <span class='ocrx_word' id='word_1_80' title='bbox 992 1120 1163 1168; x_wconf 81' lang='lat' dir='ltr'>recta.</span> 
     </span>
    </p>
   </div>
   <div class='ocr_carea' id='block_1_2' title="bbox 441 1245 2335 3055">
    <p class='ocr_par' dir='ltr' id='par_1_2' title="bbox 441 1245 2335 2324">
     <span class='ocr_line' id='line_1_11' title="bbox 560 1245 2275 1318; baseline 0.001 -18"><span class='ocrx_word' id='word_1_81' title='bbox 560 1245 1017 1301; x_wconf 89' lang='lat' dir='ltr'>Demonstratur.</span> <span class='ocrx_word' id='word_1_82' title='bbox 1112 1246 1188 1301; x_wconf 90' lang='lat' dir='ltr'>Et</span> <span class='ocrx_word' id='word_1_83' title='bbox 1236 1245 1421 1316; x_wconf 90' lang='lat' dir='ltr'>prima</span> <span class='ocrx_word' id='word_1_84' title='bbox 1472 1247 1701 1318; x_wconf 92' lang='lat' dir='ltr'>quidem</span> <span class='ocrx_word' id='word_1_85' title='bbox 1751 1265 1882 1318; x_wconf 90' lang='lat' dir='ltr'>pars</span> <span class='ocrx_word' id='word_1_86' title='bbox 1932 1256 2153 1302; x_wconf 91' lang='lat' dir='ltr'>constat</span> <span class='ocrx_word' id='word_1_87' title='bbox 2204 1265 2275 1302; x_wconf 87' lang='lat' dir='ltr'>ex</span> 
     </span>
     <span class='ocr_line' id='line_1_12' title="bbox 444 1336 2276 1409; baseline 0 -17"><span class='ocrx_word' id='word_1_88' title='bbox 444 1337 574 1393; x_wconf 89' lang='lat' dir='ltr'>Cor.</span> <span class='ocrx_word' id='word_1_89' title='bbox 611 1337 654 1392; x_wconf 94' lang='lat' dir='ltr'>I.</span> <span class='ocrx_word' id='word_1_90' title='bbox 691 1346 819 1407; x_wconf 90' lang='lat' dir='ltr'>post</span> <span class='ocrx_word' id='word_1_91' title='bbox 852 1336 1080 1391; x_wconf 90' lang='lat' dir='ltr'>XXIII.</span> <span class='ocrx_word' id='word_1_92' title='bbox 1116 1337 1305 1407; x_wconf 80' lang='lat' dir='ltr'>hujus,</span> <span class='ocrx_word' id='word_1_93' title='bbox 1385 1339 1645 1394; x_wconf 88' lang='lat' dir='ltr'>Secunda</span> <span class='ocrx_word' id='word_1_94' title='bbox 1677 1357 1814 1394; x_wconf 89' lang='lat' dir='ltr'>vero</span> <span class='ocrx_word' id='word_1_95' title='bbox 1847 1357 1977 1409; x_wconf 89' lang='lat' dir='ltr'>pars</span> <span class='ocrx_word' id='word_1_96' title='bbox 2012 1339 2090 1393; x_wconf 86' lang='lat' dir='ltr'>ita</span> <span class='ocrx_word' id='word_1_97' title='bbox 2122 1338 2276 1394; x_wconf 91' lang='lat' dir='ltr'>evin-</span> 
     </span>
     <span class='ocr_line' id='line_1_13' title="bbox 442 1428 2275 1501; baseline 0 -17"><span class='ocrx_word' id='word_1_98' title='bbox 442 1428 602 1484; x_wconf 87' lang='lat' dir='ltr'><strong>citur.</strong></span> <span class='ocrx_word' id='word_1_99' title='bbox 683 1429 837 1484; x_wconf 90' lang='lat' dir='ltr'>Nam</span> <span class='ocrx_word' id='word_1_100' title='bbox 874 1430 988 1484; x_wconf 93' lang='lat' dir='ltr'>duo</span> <span class='ocrx_word' id='word_1_101' title='bbox 1025 1429 1191 1484; x_wconf 91' lang='lat' dir='ltr'>simul</span> <span class='ocrx_word' id='word_1_102' title='bbox 1231 1430 1422 1501; x_wconf 86' lang='lat' dir='ltr'>anguli</span> <span class='ocrx_word' id='word_1_103' title='bbox 1460 1431 1532 1485; x_wconf 90' lang='lat' dir='ltr'>ad</span> <span class='ocrx_word' id='word_1_104' title='bbox 1569 1431 1679 1484; x_wconf 86' lang='lat' dir='ltr'>LK</span> <span class='ocrx_word' id='word_1_105' title='bbox 1717 1448 1913 1485; x_wconf 90' lang='lat' dir='ltr'>versus</span> <span class='ocrx_word' id='word_1_106' title='bbox 1951 1430 2131 1485; x_wconf 90' lang='lat' dir='ltr'>basim</span> <span class='ocrx_word' id='word_1_107' title='bbox 2169 1429 2275 1484; x_wconf 86' lang='lat' dir='ltr'>AB</span> 
     </span>
     <span class='ocr_line' id='line_1_14' title="bbox 441 1520 2274 1592; baseline -0.001 -17"><span class='ocrx_word' id='word_1_108' title='bbox 441 1520 694 1591; x_wconf 87' lang='lat' dir='ltr'>majores</span> <span class='ocrx_word' id='word_1_109' title='bbox 732 1529 864 1576; x_wconf 92' lang='lat' dir='ltr'>sunt</span> <span class='ocrx_word' id='word_1_110' title='bbox 912 1521 1017 1591; x_wconf 83' lang='lat' dir='ltr'>(ex</span> <span class='ocrx_word' id='word_1_111' title='bbox 1055 1521 1184 1577; x_wconf 89' lang='lat' dir='ltr'>Cor.</span> <span class='ocrx_word' id='word_1_112' title='bbox 1226 1530 1354 1591; x_wconf 92' lang='lat' dir='ltr'>post</span> <span class='ocrx_word' id='word_1_113' title='bbox 1392 1520 1555 1577; x_wconf 90' lang='lat' dir='ltr'>XVI.</span> <span class='ocrx_word' id='word_1_114' title='bbox 1597 1521 1803 1592; x_wconf 87' lang='lat' dir='ltr'>hujus)</span> <span class='ocrx_word' id='word_1_115' title='bbox 1852 1522 2072 1577; x_wconf 91' lang='lat' dir='ltr'>duobus</span> <span class='ocrx_word' id='word_1_116' title='bbox 2110 1521 2274 1577; x_wconf 88' lang='lat' dir='ltr'>simul</span> 
     </span>
     <span class='ocr_line' id='line_1_15' title="bbox 443 1612 2275 1683; baseline 0.001 -18"><span class='ocrx_word' id='word_1_117' title='bbox 443 1612 696 1676; x_wconf 84' lang='lat' dir='ltr'>interniS,</span> <span class='ocrx_word' id='word_1_118' title='bbox 726 1621 780 1667; x_wconf 92' lang='lat' dir='ltr'>et</span> <span class='ocrx_word' id='word_1_119' title='bbox 807 1612 1080 1683; x_wconf 90' lang='lat' dir='ltr'>oppositis</span> <span class='ocrx_word' id='word_1_120' title='bbox 1108 1612 1331 1683; x_wconf 85' lang='lat' dir='ltr'><strong>angulis</strong></span> <span class='ocrx_word' id='word_1_121' title='bbox 1359 1614 1431 1668; x_wconf 91' lang='lat' dir='ltr'>ad</span> <span class='ocrx_word' id='word_1_122' title='bbox 1459 1614 1583 1668; x_wconf 89' lang='lat' dir='ltr'>HK</span> <span class='ocrx_word' id='word_1_123' title='bbox 1609 1631 1806 1668; x_wconf 89' lang='lat' dir='ltr'>versus</span> <span class='ocrx_word' id='word_1_124' title='bbox 1833 1615 2071 1668; x_wconf 89' lang='lat' dir='ltr'>eandem</span> <span class='ocrx_word' id='word_1_125' title='bbox 2096 1613 2275 1668; x_wconf 87' lang='lat' dir='ltr'>basim</span> 
     </span>
     <span class='ocr_line' id='line_1_16' title="bbox 443 1704 2274 1775; baseline 0.001 -18"><span class='ocrx_word' id='word_1_126' title='bbox 443 1704 565 1758; x_wconf 80' lang='lat' dir='ltr'>AB.</span> <span class='ocrx_word' id='word_1_127' title='bbox 649 1704 795 1760; x_wconf 84' lang='lat' dir='ltr'>Sunt</span> <span class='ocrx_word' id='word_1_128' title='bbox 831 1712 1021 1759; x_wconf 92' lang='lat' dir='ltr'>autem</span> <span class='ocrx_word' id='word_1_129' title='bbox 1059 1704 1205 1758; x_wconf 89' lang='lat' dir='ltr'>inter</span> <span class='ocrx_word' id='word_1_130' title='bbox 1243 1722 1302 1759; x_wconf 92' lang='lat' dir='ltr'>se</span> <span class='ocrx_word' id='word_1_131' title='bbox 1339 1705 1616 1774; x_wconf 85' lang='lat' dir='ltr'>aequaleS,</span> <span class='ocrx_word' id='word_1_132' title='bbox 1658 1714 1851 1774; x_wconf 84' lang='lat' dir='ltr'>utpote</span> <span class='ocrx_word' id='word_1_133' title='bbox 1891 1704 2042 1769; x_wconf 89' lang='lat' dir='ltr'>recti,</span> <span class='ocrx_word' id='word_1_134' title='bbox 2084 1704 2274 1775; x_wconf 87' lang='lat' dir='ltr'>anguli</span> 
     </span>
     <span class='ocr_line' id='line_1_17' title="bbox 443 1796 2276 1867; baseline -0.001 -17"><span class='ocrx_word' id='word_1_135' title='bbox 443 1797 515 1850; x_wconf 88' lang='lat' dir='ltr'>ad</span> <span class='ocrx_word' id='word_1_136' title='bbox 541 1804 823 1866; x_wconf 88' lang='lat' dir='ltr'>utrunque</span> <span class='ocrx_word' id='word_1_137' title='bbox 849 1805 1120 1865; x_wconf 92' lang='lat' dir='ltr'>punctum</span> <span class='ocrx_word' id='word_1_138' title='bbox 1147 1796 1204 1849; x_wconf 88' lang='lat' dir='ltr'><strong>K</strong></span> <span class='ocrx_word' id='word_1_139' title='bbox 1230 1814 1427 1850; x_wconf 88' lang='lat' dir='ltr'>versus</span> <span class='ocrx_word' id='word_1_140' title='bbox 1453 1796 1634 1851; x_wconf 89' lang='lat' dir='ltr'>basim</span> <span class='ocrx_word' id='word_1_141' title='bbox 1662 1796 1782 1850; x_wconf 84' lang='lat' dir='ltr'>AB.</span> <span class='ocrx_word' id='word_1_142' title='bbox 1853 1796 2010 1867; x_wconf 88' lang='lat' dir='ltr'>Ergo</span> <span class='ocrx_word' id='word_1_143' title='bbox 2037 1796 2276 1866; x_wconf 89' lang='lat' dir='ltr'>angulus</span> 
     </span>
     <span class='ocr_line' id='line_1_18' title="bbox 443 1887 2276 1959; baseline -0.001 -17"><span class='ocrx_word' id='word_1_144' title='bbox 443 1887 678 1942; x_wconf 91' lang='lat' dir='ltr'>obtusus</span> <span class='ocrx_word' id='word_1_145' title='bbox 712 1889 785 1942; x_wconf 90' lang='lat' dir='ltr'>ad</span> <span class='ocrx_word' id='word_1_146' title='bbox 819 1887 869 1940; x_wconf 95' lang='lat' dir='ltr'>L</span> <span class='ocrx_word' id='word_1_147' title='bbox 901 1905 1099 1942; x_wconf 88' lang='lat' dir='ltr'>versus</span> <span class='ocrx_word' id='word_1_148' title='bbox 1133 1887 1314 1942; x_wconf 88' lang='lat' dir='ltr'>basim</span> <span class='ocrx_word' id='word_1_149' title='bbox 1349 1887 1454 1941; x_wconf 88' lang='lat' dir='ltr'>AB</span> <span class='ocrx_word' id='word_1_150' title='bbox 1489 1887 1679 1957; x_wconf 91' lang='lat' dir='ltr'>major</span> <span class='ocrx_word' id='word_1_151' title='bbox 1713 1897 1797 1943; x_wconf 92' lang='lat' dir='ltr'>est</span> <span class='ocrx_word' id='word_1_152' title='bbox 1830 1888 2040 1959; x_wconf 78' lang='lat' dir='ltr'>angulo</span> <span class='ocrx_word' id='word_1_153' title='bbox 2075 1887 2276 1943; x_wconf 93' lang='lat' dir='ltr'>obtuso</span> 
     </span>
     <span class='ocr_line' id='line_1_19' title="bbox 443 1978 2277 2035; baseline -0.001 -2"><span class='ocrx_word' id='word_1_154' title='bbox 443 1980 516 2034; x_wconf 93' lang='lat' dir='ltr'>ad</span> <span class='ocrx_word' id='word_1_155' title='bbox 545 1979 605 2033; x_wconf 93' lang='lat' dir='ltr'>H</span> <span class='ocrx_word' id='word_1_156' title='bbox 635 1997 833 2034; x_wconf 88' lang='lat' dir='ltr'>versus</span> <span class='ocrx_word' id='word_1_157' title='bbox 861 1980 1100 2033; x_wconf 90' lang='lat' dir='ltr'>eandem</span> <span class='ocrx_word' id='word_1_158' title='bbox 1128 1978 1309 2033; x_wconf 92' lang='lat' dir='ltr'>basim</span> <span class='ocrx_word' id='word_1_159' title='bbox 1338 1979 1459 2033; x_wconf 87' lang='lat' dir='ltr'>AB.</span> <span class='ocrx_word' id='word_1_160' title='bbox 1535 1979 1717 2035; x_wconf 86' lang='lat' dir='ltr'>Simili</span> <span class='ocrx_word' id='word_1_161' title='bbox 1746 1981 1920 2034; x_wconf 90' lang='lat' dir='ltr'>modo</span> <span class='ocrx_word' id='word_1_162' title='bbox 1950 1980 2277 2034; x_wconf 90' lang='lat' dir='ltr'>ostendetur</span> 
     </span>
     <span class='ocr_line' id='line_1_20' title="bbox 443 2070 2335 2141; baseline -0.001 -17"><span class='ocrx_word' id='word_1_163' title='bbox 443 2070 795 2140; x_wconf 88' lang='lat' dir='ltr'>praedictum</span> <span class='ocrx_word' id='word_1_164' title='bbox 822 2071 1095 2141; x_wconf 83' lang='lat' dir='ltr'>angulum</span> <span class='ocrx_word' id='word_1_165' title='bbox 1123 2070 1390 2125; x_wconf 92' lang='lat' dir='ltr'>obtusum</span> <span class='ocrx_word' id='word_1_166' title='bbox 1418 2071 1490 2125; x_wconf 92' lang='lat' dir='ltr'>ad</span> <span class='ocrx_word' id='word_1_167' title='bbox 1520 2071 1579 2125; x_wconf 93' lang='lat' dir='ltr'>H</span> <span class='ocrx_word' id='word_1_168' title='bbox 1608 2070 1891 2141; x_wconf 90' lang='lat' dir='ltr'>majorem</span> <span class='ocrx_word' id='word_1_169' title='bbox 1919 2088 2040 2126; x_wconf 89' lang='lat' dir='ltr'>esse</span> <span class='ocrx_word' id='word_1_170' title='bbox 2067 2070 2276 2141; x_wconf 87' lang='lat' dir='ltr'>angulo</span> <span class='ocrx_word' id='word_1_171' title='bbox 2332 2083 2335 2086; x_wconf 67' lang='grc'><strong>“</strong></span> 
     </span>
     <span class='ocr_line' id='line_1_21' title="bbox 444 2161 2277 2232; baseline -0.001 -15"><span class='ocrx_word' id='word_1_172' title='bbox 444 2162 648 2217; x_wconf 94' lang='lat' dir='ltr'>obtuso</span> <span class='ocrx_word' id='word_1_173' title='bbox 692 2163 764 2217; x_wconf 93' lang='lat' dir='ltr'>ad</span> <span class='ocrx_word' id='word_1_174' title='bbox 808 2171 1079 2232; x_wconf 91' lang='lat' dir='ltr'>punctum</span> <span class='ocrx_word' id='word_1_175' title='bbox 1124 2162 1194 2216; x_wconf 92' lang='lat' dir='ltr'>D.</span> <span class='ocrx_word' id='word_1_176' title='bbox 1282 2162 1471 2232; x_wconf 84' lang='lat' dir='ltr'><strong>Atque</strong></span> <span class='ocrx_word' id='word_1_177' title='bbox 1515 2161 1594 2217; x_wconf 92' lang='lat' dir='ltr'>ita</span> <span class='ocrx_word' id='word_1_178' title='bbox 1638 2180 1873 2232; x_wconf 87' lang='lat' dir='ltr'>semper,</span> <span class='ocrx_word' id='word_1_179' title='bbox 1921 2163 2277 2232; x_wconf 90' lang='lat' dir='ltr'>procedendo</span> 
     </span>
     <span class='ocr_line' id='line_1_22' title="bbox 445 2253 981 2324; baseline -0.002 -16"><span class='ocrx_word' id='word_1_180' title='bbox 445 2272 641 2309; x_wconf 90' lang='lat' dir='ltr'>versus</span> <span class='ocrx_word' id='word_1_181' title='bbox 671 2262 879 2324; x_wconf 90' lang='lat' dir='ltr'>puncta</span> <span class='ocrx_word' id='word_1_182' title='bbox 910 2253 981 2307; x_wconf 92' lang='lat' dir='ltr'>X.</span> 
     </span>
    </p>

    <p class='ocr_par' dir='ltr' id='par_1_3' title="bbox 443 2344 2278 3055">
     <span class='ocr_line' id='line_1_23' title="bbox 560 2344 2276 2415; baseline -0.002 -14"><span class='ocrx_word' id='word_1_183' title='bbox 560 2344 757 2401; x_wconf 91' lang='lat' dir='ltr'>Tertia</span> <span class='ocrx_word' id='word_1_184' title='bbox 791 2345 1022 2400; x_wconf 92' lang='lat' dir='ltr'>tandem</span> <span class='ocrx_word' id='word_1_185' title='bbox 1056 2362 1186 2415; x_wconf 90' lang='lat' dir='ltr'>pars</span> <span class='ocrx_word' id='word_1_186' title='bbox 1221 2344 1444 2414; x_wconf 90' lang='lat' dir='ltr'>majore</span> <span class='ocrx_word' id='word_1_187' title='bbox 1479 2344 1694 2415; x_wconf 85' lang='lat' dir='ltr'>indiget</span> <span class='ocrx_word' id='word_1_188' title='bbox 1728 2344 2135 2415; x_wconf 86' lang='lat' dir='ltr'>disquisitione.</span> <span class='ocrx_word' id='word_1_189' title='bbox 2216 2344 2276 2400; x_wconf 85' lang='lat' dir='ltr'>Si</span> 
     </span>
     <span class='ocr_line' id='line_1_24' title="bbox 444 2435 2277 2508; baseline -0.001 -16"><span class='ocrx_word' id='word_1_190' title='bbox 444 2455 583 2508; x_wconf 88' lang='lat' dir='ltr'>ergo</span> <span class='ocrx_word' id='word_1_191' title='bbox 613 2435 733 2491; x_wconf 91' lang='lat' dir='ltr'>fieri</span> <span class='ocrx_word' id='word_1_192' title='bbox 762 2445 962 2506; x_wconf 92' lang='lat' dir='ltr'>potest,</span> <span class='ocrx_word' id='word_1_193' title='bbox 994 2435 1314 2507; x_wconf 85' lang='lat' dir='ltr'>assignatus</span> <span class='ocrx_word' id='word_1_194' title='bbox 1344 2435 1417 2490; x_wconf 89' lang='lat' dir='ltr'>sit</span> <span class='ocrx_word' id='word_1_195' title='bbox 1456 2435 1578 2506; x_wconf 87' lang='lat' dir='ltr'>(fig.</span> <span class='ocrx_word' id='word_1_196' title='bbox 1613 2436 1738 2506; x_wconf 87' lang='lat'>34.)</span> <span class='ocrx_word' id='word_1_197' title='bbox 1777 2435 2008 2506; x_wconf 91' lang='lat' dir='ltr'>quidam</span> <span class='ocrx_word' id='word_1_198' title='bbox 2037 2436 2277 2507; x_wconf 85' lang='lat' dir='ltr'>angulus</span> 
     </span>
     <span class='ocr_line' id='line_1_25' title="bbox 447 2526 2278 2598; baseline -0.002 -14"><span class='ocrx_word' id='word_1_199' title='bbox 447 2528 643 2592; x_wconf 91' lang='lat' dir='ltr'>MNC,</span> <span class='ocrx_word' id='word_1_200' title='bbox 678 2545 792 2598; x_wconf 91' lang='lat' dir='ltr'>quo</span> <span class='ocrx_word' id='word_1_201' title='bbox 825 2545 1045 2597; x_wconf 89' lang='lat' dir='ltr'>semper</span> <span class='ocrx_word' id='word_1_202' title='bbox 1077 2527 1268 2598; x_wconf 90' lang='lat' dir='ltr'>major</span> <span class='ocrx_word' id='word_1_203' title='bbox 1302 2526 1389 2590; x_wconf 90' lang='lat' dir='ltr'>sit,</span> <span class='ocrx_word' id='word_1_204' title='bbox 1426 2535 1524 2582; x_wconf 91' lang='lat' dir='ltr'>aut</span> <span class='ocrx_word' id='word_1_205' title='bbox 1558 2527 1757 2581; x_wconf 91' lang='lat' dir='ltr'>saltem</span> <span class='ocrx_word' id='word_1_206' title='bbox 1791 2546 1906 2582; x_wconf 92' lang='lat' dir='ltr'>non</span> <span class='ocrx_word' id='word_1_207' title='bbox 1939 2527 2144 2592; x_wconf 90' lang='lat' dir='ltr'>minor,</span> <span class='ocrx_word' id='word_1_208' title='bbox 2181 2546 2278 2582; x_wconf 86' lang='lat' dir='ltr'>ex-</span> 
     </span>
     <span class='ocr_line' id='line_1_26' title="bbox 445 2617 2277 2690; baseline 0 -16"><span class='ocrx_word' id='word_1_209' title='bbox 445 2637 634 2674; x_wconf 90' lang='lat' dir='ltr'>cessus</span> <span class='ocrx_word' id='word_1_210' title='bbox 667 2618 922 2690; x_wconf 90' lang='lat' dir='ltr'>cujusvis</span> <span class='ocrx_word' id='word_1_211' title='bbox 954 2637 1027 2673; x_wconf 84' lang='lat' dir='ltr'>ex</span> <span class='ocrx_word' id='word_1_212' title='bbox 1059 2617 1359 2689; x_wconf 90' lang='lat' dir='ltr'>praedictis</span> <span class='ocrx_word' id='word_1_213' title='bbox 1393 2618 1616 2689; x_wconf 82' lang='lat' dir='ltr'>angulis</span> <span class='ocrx_word' id='word_1_214' title='bbox 1649 2618 1865 2674; x_wconf 92' lang='lat' dir='ltr'>obtusis</span> <span class='ocrx_word' id='word_1_215' title='bbox 1898 2636 2069 2689; x_wconf 87' lang='lat' dir='ltr'>supra</span> <span class='ocrx_word' id='word_1_216' title='bbox 2101 2638 2277 2690; x_wconf 88' lang='lat' dir='ltr'>angu-</span> 
     </span>
     <span class='ocr_line' id='line_1_27' title="bbox 445 2708 2278 2780; baseline 0.001 -15"><span class='ocrx_word' id='word_1_217' title='bbox 445 2711 563 2766; x_wconf 90' lang='lat' dir='ltr'>lum</span> <span class='ocrx_word' id='word_1_218' title='bbox 596 2719 825 2766; x_wconf 90' lang='lat' dir='ltr'>rectum.</span> <span class='ocrx_word' id='word_1_219' title='bbox 903 2710 1142 2765; x_wconf 82' lang='lat' dir='ltr'>Constat</span> <span class='ocrx_word' id='word_1_220' title='bbox 1186 2709 1290 2780; x_wconf 86' lang='lat' dir='ltr'>(ex</span> <span class='ocrx_word' id='word_1_221' title='bbox 1323 2708 1486 2763; x_wconf 91' lang='lat' dir='ltr'>XXI.</span> <span class='ocrx_word' id='word_1_222' title='bbox 1524 2708 1732 2780; x_wconf 89' lang='lat' dir='ltr'>hujus)</span> <span class='ocrx_word' id='word_1_223' title='bbox 1775 2709 1952 2765; x_wconf 90' lang='lat' dir='ltr'>latera</span> <span class='ocrx_word' id='word_1_224' title='bbox 1987 2710 2131 2775; x_wconf 93' lang='lat' dir='ltr'>NM,</span> <span class='ocrx_word' id='word_1_225' title='bbox 2170 2710 2278 2766; x_wconf 92' lang='lat' dir='ltr'>NC</span> 
     </span>
     <span class='ocr_line' id='line_1_28' title="bbox 447 2800 2275 2872; baseline -0.002 -15"><span class='ocrx_word' id='word_1_226' title='bbox 447 2800 982 2872; x_wconf 83' lang='lat' dir='ltr'>comprehendentia</span> <span class='ocrx_word' id='word_1_227' title='bbox 1034 2800 1193 2856; x_wconf 93' lang='lat' dir='ltr'>illum</span> <span class='ocrx_word' id='word_1_228' title='bbox 1245 2800 1518 2870; x_wconf 87' lang='lat' dir='ltr'>angulum</span> <span class='ocrx_word' id='word_1_229' title='bbox 1572 2801 1752 2857; x_wconf 92' lang='lat' dir='ltr'>MNC</span> <span class='ocrx_word' id='word_1_230' title='bbox 1801 2801 1991 2856; x_wconf 88' lang='lat' dir='ltr'>taliter</span> <span class='ocrx_word' id='word_1_231' title='bbox 2041 2800 2275 2871; x_wconf 88' lang='lat' dir='ltr'>produci</span> 
     </span>
     <span class='ocr_line' id='line_1_29' title="bbox 443 2891 2276 2964; baseline -0.001 -16"><span class='ocrx_word' id='word_1_232' title='bbox 443 2911 626 2964; x_wconf 90' lang='lat' dir='ltr'>posse,</span> <span class='ocrx_word' id='word_1_233' title='bbox 652 2901 716 2949; x_wconf 88' lang='lat' dir='ltr'>ut</span> <span class='ocrx_word' id='word_1_234' title='bbox 739 2891 1217 2963; x_wconf 88' lang='lat' dir='ltr'>perpendicularis</span> <span class='ocrx_word' id='word_1_235' title='bbox 1245 2892 1378 2956; x_wconf 92' lang='lat' dir='ltr'>MC,</span> <span class='ocrx_word' id='word_1_236' title='bbox 1406 2910 1479 2947; x_wconf 85' lang='lat' dir='ltr'>ex</span> <span class='ocrx_word' id='word_1_237' title='bbox 1504 2892 1752 2962; x_wconf 90' lang='lat' dir='ltr'>quodam</span> <span class='ocrx_word' id='word_1_238' title='bbox 1776 2901 1984 2963; x_wconf 90' lang='lat' dir='ltr'>puncto</span> <span class='ocrx_word' id='word_1_239' title='bbox 2011 2893 2076 2948; x_wconf 94' lang='lat' dir='ltr'>M</span> <span class='ocrx_word' id='word_1_240' title='bbox 2102 2891 2276 2963; x_wconf 87' lang='lat' dir='ltr'>ipsius</span> 
     </span>
     <span class='ocr_line' id='line_1_30' title="bbox 448 2980 2276 3055; baseline -0.001 -15"><span class='ocrx_word' id='word_1_241' title='bbox 448 2984 576 3040; x_wconf 94' lang='lat' dir='ltr'>MN</span> <span class='ocrx_word' id='word_1_242' title='bbox 615 2980 711 3037; x_wconf 85' lang='lat'><strong>[61]</strong></span> <span class='ocrx_word' id='word_1_243' title='bbox 748 2983 993 3040; x_wconf 88' lang='lat' dir='ltr'>demissa</span> <span class='ocrx_word' id='word_1_244' title='bbox 1024 2984 1096 3039; x_wconf 92' lang='lat' dir='ltr'>ad</span> <span class='ocrx_word' id='word_1_245' title='bbox 1130 2983 1253 3047; x_wconf 87' lang='lat' dir='ltr'>NC,</span> <span class='ocrx_word' id='word_1_246' title='bbox 1287 2982 1480 3053; x_wconf 88' lang='lat' dir='ltr'>major</span> <span class='ocrx_word' id='word_1_247' title='bbox 1510 2982 1583 3038; x_wconf 92' lang='lat' dir='ltr'>sit</span> <span class='ocrx_word' id='word_1_248' title='bbox 1624 2982 1714 3053; x_wconf 90' lang='lat' dir='ltr'>(in</span> <span class='ocrx_word' id='word_1_249' title='bbox 1746 2983 1868 3053; x_wconf 86' lang='lat' dir='ltr'>ipsa</span> <span class='ocrx_word' id='word_1_250' title='bbox 1899 2982 2068 3038; x_wconf 89' lang='lat' dir='ltr'>etiarn</span> <span class='ocrx_word' id='word_1_251' title='bbox 2100 2984 2276 3055; x_wconf 90' lang='lat' dir='ltr'>hypo-</span> 
     </span>
    </p>
   </div>
  </div>
 </body>
</html>
