2456 4016
451 302 667 355 cunque
694 283 1177 340 continuationem
1204 303 1276 339 ex
1302 294 1508 354 puncto
1537 284 1591 339 A
1616 304 1715 355 per
1742 286 1796 340 X
1824 303 2020 341 versus
2049 286 2128 358 B)
2165 304 2277 342 non

449 393 614 446 posse
643 375 887 446 recipere
914 376 1193 446 duplicem
1220 375 1389 431 aliam
1417 376 1474 431 in
1501 378 1700 432 eodem
1728 378 1897 448 plano
1923 377 2276 448 positionem,

449 466 507 521 in
538 484 779 537 quarum
808 476 1047 539 utraque
1078 467 1265 538 portio
1295 467 1523 538 quidem
1554 468 1667 523 AX
1699 468 1755 523 in
1786 469 1986 523 eodem
2015 468 2126 524 situ
2156 487 2278 540 per·

450 557 627 623 sistat,
659 559 846 628 portio
874 577 1011 613 vero
1039 559 1216 613 altera
1245 558 1352 612 XB
1382 559 1440 613 in
1468 578 1581 614 una
1609 559 1833 615 illarum
1861 561 2103 616 duarum
2132 561 2280 632 posi-

448 648 669 704 tionum
694 658 971 721 congruat
1007 649 1281 720 (exempli
1310 650 1510 720 causa)
1547 650 1651 720 ipsi
1679 650 1803 715 XC,
1831 660 1885 706 et
1912 651 1971 705 in
1996 651 2106 706 alia
2132 651 2279 722 posi-

450 740 602 795 tione
629 750 906 812 congruat
934 740 1038 810 ipsi
1068 741 1210 795 XM.

569 832 791 887 Scilicet
821 850 935 886 non
968 832 1056 886 hic
1088 850 1279 897 renu0‚
1313 833 1448 902 quin
1480 833 1665 903 portio
1698 834 1823 898 XB,
1858 834 1902 888 si
1935 834 2279 905 intelligatur

448 923 664 978 moveri
693 923 750 977 in
778 923 874 978 illo
904 942 1006 978 suo
1034 924 1203 993 plano
1232 923 1379 978 circa
1406 934 1675 994 punctum
1704 925 1776 989 X,
1807 927 1950 980 adeo
1976 935 2039 980 ut
2066 943 2279 980 succes-

448 1015 565 1069 sive
591 1015 938 1070 adamussim
965 1025 1242 1086 congruat
1280 1016 1384 1086 (ex
1411 1018 1777 1086 praecedente
1804 1017 2128 1087 Lemmate)
2166 1036 2279 1071 non

447 1107 620 1161 modo
662 1106 797 1176 ipsis
839 1107 983 1171 XM,
1028 1107 1151 1171 XC,
1196 1126 1395 1162 verum
1437 1107 1607 1163 etiam
1649 1108 1996 1163 adamussim
2038 1104 2272 1163 con-[75]

448 1206 616 1268 gruat
646 1196 880 1252 infinitis
912 1198 1036 1253 aliis
1069 1198 1250 1263 rectiS‚
1283 1218 1426 1269 quae
1456 1219 1528 1254 ex
1558 1208 1766 1270 puncto
1798 1200 1853 1253 X
1885 1199 2013 1255 duci
2046 1210 2280 1269 possunt

446 1290 519 1343 ad
547 1289 762 1359 reliqua
789 1290 1124 1345 intermedia
1150 1300 1356 1360 puncta
1383 1309 1545 1346 arcus
1575 1292 1702 1346 BC:
1734 1292 1884 1356 Non,
1915 1291 2161 1362 inquam,
2191 1291 2279 1346 hic

449 1399 642 1445 renuO,
682 1381 818 1451 quin
854 1381 949 1436 illa
986 1382 1092 1435 XB
1131 1382 1188 1436 in
1225 1382 1472 1452 qualibet
1508 1383 1733 1438 illarum
1769 1382 2115 1453 positionum
2149 1401 2281 1438 con-

448 1471 685 1527 siderari
719 1472 918 1527 debeat
950 1482 1220 1543 tanquam
1252 1473 1603 1529 continuatio
1635 1475 1694 1528 in
1726 1483 1940 1529 rectum
1973 1474 2147 1544 ipsius
2180 1474 2281 1528 im-

446 1572 634 1619 motae
658 1563 803 1630 AX;
826 1583 955 1619 cum
976 1565 1159 1636 magis
1184 1565 1331 1620 circa
1355 1584 1480 1620 eam
1505 1565 1688 1620 AXM
1715 1566 1835 1636 jam
1859 1568 2281 1621 demonstrave-

448 1655 556 1709 rim
587 1654 644 1710 id
675 1664 1000 1711 secuturum
1031 1656 1088 1710 in
1122 1657 1274 1711 facta
1303 1657 1599 1727 hypothesi
1632 1657 1780 1712 illius
1812 1658 2126 1713 communis
2158 1676 2280 1728 seg-

445 1746 651 1802 menti:
691 1747 874 1803 Unice
912 1747 1085 1819 igitur
1124 1748 1212 1803 hic
1249 1766 1457 1813 assero,
1500 1749 1556 1803 in
1595 1768 1707 1804 una
1743 1758 1965 1804 tantum
2001 1768 2279 1804 novarum

448 1838 672 1893 illarum
709 1839 1070 1908 positionum,
1110 1849 1171 1894 ut
1207 1849 1342 1909 puta
1378 1842 1513 1895 dum
1549 1841 1811 1912 congruit
1848 1841 1951 1910 ipsi
1990 1841 2112 1905 XC,
2153 1841 2281 1896 reti-

447 1930 567 1984 neri
597 1931 668 1984 ab
696 1949 761 1985 ea
791 1949 954 2000 posse
985 1931 1138 1986 illam
1167 1933 1404 1986 eandem
1434 1932 1877 2002 qualemcunque
1907 1933 2280 1988 continuatio-

447 2039 591 2086 nem,
632 2040 803 2092 quam
840 2022 1055 2077 obtinet
1093 2023 1150 2076 in
1186 2023 1369 2093 prima
1406 2023 1700 2098 positione,
1741 2023 1833 2079 ubi
1872 2042 1943 2078 ex
1979 2033 2186 2094 puncto
2225 2024 2279 2077 A

447 2131 547 2183 per
575 2113 630 2166 X
659 2113 913 2183 procedit
940 2132 1137 2169 versus
1167 2124 1438 2184 punctum
1467 2115 1529 2169 B.

564 2205 639 2259 Et
672 2204 823 2260 istud
857 2205 1084 2275 quidem
1118 2205 1196 2260 sic
1230 2208 1667 2261 demonstratur.
1746 2206 1897 2261 Nam
1931 2206 2115 2277 primo
2149 2224 2279 2261 con—

447 2305 558 2351 stat
584 2296 1068 2352 continuationem
1092 2296 1247 2351 illam
1272 2297 1437 2351 AXB
1464 2297 1694 2367 nequire
1721 2316 1842 2352 esse
1867 2298 2100 2353 omnino
2128 2298 2280 2352 simi-

447 2387 573 2452 lem,
620 2396 717 2442 aut
760 2388 1051 2458 aequalem
1095 2388 1506 2443 continuationi
1550 2388 1732 2454 AXC,
1778 2389 1823 2443 si
1867 2398 2105 2460 utraque
2149 2379 2280 2444 con-

448 2478 728 2534 sideretur
762 2497 960 2534 versus
999 2480 1236 2534 eandem
1273 2497 1371 2535 seu
1408 2480 1643 2544 laevam,
1685 2498 1783 2535 seu
1821 2482 2116 2535 dexteram
2154 2499 2280 2552 par-

446 2578 589 2636 tem;
623 2569 756 2641 quia
788 2580 1072 2626 caeterum
1105 2571 1161 2624 in
1196 2590 1261 2626 ea
1293 2571 1391 2625 tali
1426 2571 1705 2642 positione
1739 2572 2005 2627 deberent
2040 2572 2278 2627 invicem

447 2680 759 2733 congruere
786 2662 939 2732 ipsae
968 2662 1150 2725 AXB,
1181 2662 1376 2727 AXC;
1405 2664 1557 2732 quod
1586 2672 1670 2718 est
1698 2672 1895 2728 contra
1922 2664 2278 2735 hypothesim

447 2753 762 2809 communis
806 2753 954 2808 illius
999 2753 1273 2824 segmenti
1319 2753 1462 2809 AX:
1509 2755 1809 2819 Deberent,
1857 2755 2102 2825 inquam,
2148 2773 2279 2810 con-

447 2863 679 2916 gruere;
712 2846 849 2900 dum
881 2845 1105 2909 scilicet,
1142 2845 1313 2900 relate
1347 2846 1419 2900 ad
1452 2864 1577 2900 eam
1610 2845 1904 2901 immotam
1937 2846 2067 2911 AX,
2104 2865 2278 2917 aeque

448 2935 706 2991 similiter
729 2935 787 2990 in
811 2938 1048 2992 eandem
1074 2954 1172 2992 seu
1198 2936 1433 3001 laevam,
1462 2955 1560 2993 seu
1586 2937 1879 2992 dexteram
1905 2947 2122 3008 partem
2147 2956 2278 2993 con-

447 3037 746 3100 vergerent
784 3027 843 3082 in
879 3046 947 3083 eo
983 3027 1081 3083 tali
1120 3028 1289 3098 plano
1327 3028 1454 3083 illae
1492 3028 1852 3084 continuatae
1892 3028 2015 3094 XB,
2058 3038 2112 3085 et
2152 3029 2273 3085 XC.

450 3119 713 3175 Secundo
749 3128 970 3174 constat
1007 3119 1147 3173 nihil
1183 3128 1392 3184 vetare,
1432 3119 1567 3190 quin
1604 3120 1891 3190 praedicta
1928 3120 2277 3176 continuatio

447 3210 630 3275 AXB,
668 3210 1024 3266 considerata
1059 3229 1256 3266 versus
1292 3229 1464 3266 unam
1498 3219 1734 3281 partem,
1771 3219 1834 3266 ut
1868 3220 2019 3281 puta,
2058 3212 2130 3266 ad
2166 3211 2277 3266 lae-

446 3320 594 3366 vam,
637 3300 836 3356 similis
876 3302 1039 3372 plane
1079 3301 1167 3367 sit,
1212 3311 1309 3358 aut
1349 3301 1598 3372 aequalis
1640 3301 2050 3358 continuationi
2092 3301 2273 3367 AXC,

447 3393 835 3449 consideratae
867 3411 1064 3449 versus
1096 3401 1315 3463 partem
1348 3393 1663 3457 adversam,
1697 3401 1759 3449 ut
1791 3401 1942 3465 puta,
1978 3393 2051 3448 ad
2084 3380 2276 3449 dexte-

1329 3507 1394 3542 182
