2456 4016
433 328 588 376 certo
630 320 808 376 limite
850 321 922 376 ad
966 319 1363 391 aequalitatem
1405 338 1535 377 cum
1576 322 1788 394 angulo
1830 331 1999 387 rect0,
2045 322 2263 393 quoties

434 428 634 483 nempe
662 411 756 466 illa
783 411 889 468 AC
917 430 1032 466 non
1059 411 1168 466 nisi
1197 412 1270 467 ad
1299 410 1578 467 infinitam
1606 413 1934 468 distantiam
1963 431 2263 470 occursura

435 512 662 573 putetur
693 502 797 573 ipsi
828 501 951 558 ΒΧ.
1025 500 1210 574 Igitur
1240 503 1490 558 deveniri
1522 513 1710 574 posset
1740 506 1812 560 ad
1840 505 2011 559 talem
2039 505 2265 560 ordina-

436 603 553 650 tam
588 593 789 659 KMD,
825 596 1101 664 adquam
1134 594 1374 666 angulus
1408 594 1595 650 AMK
1625 596 1813 651 minus
1848 605 2137 665 superaret
2169 614 2266 652 an-

437 686 633 757 gulum
666 695 895 750 rectum,
930 704 1101 756 quam
1132 685 1205 740 sit
1236 685 1326 740 ille
1359 686 1599 757 angulus
1633 687 1810 742 DAC,
1886 688 2048 743 Tune
2079 697 2264 744 autem

436 778 678 849 angulus
712 776 891 841 DAC,
928 776 1045 832 sive
1080 776 1281 841 DAM,
1315 796 1429 833 una
1460 796 1589 833 cum
1620 778 1831 849 angulo
1862 779 2046 833 AMD
2079 779 2268 850 major

437 869 543 924 erit
571 888 688 924 uno
719 877 886 924 recto,
960 868 1153 939 Quare
1170 887 1182 933 ;
1213 868 1408 924 addito
1438 869 1640 925 obtuso
1671 870 1881 940 angulo
1912 870 2125 936 ADM;
2154 880 2268 926 tres

438 961 604 1016 simul
632 960 825 1031 anguli
851 959 1122 1031 trianguli
1151 959 1334 1015 ADM
1363 959 1614 1030 majores
1642 969 1808 1016 erunt
1836 961 2056 1017 duobus
2085 962 2267 1025 rectiS,

438 1053 590 1122 quod
632 1061 716 1106 est
756 1060 954 1106 contra
995 1051 1335 1122 hypothesin
1375 1052 1568 1122 anguli
1611 1051 1774 1107 acuti.
1861 1052 2044 1123 Igitur
2086 1054 2269 1109 omnis

440 1152 592 1198 recta
624 1143 745 1207 AC,
782 1161 925 1214 quae
959 1151 1107 1198 secet
1141 1142 1300 1198 illum
1332 1143 1605 1214 angulum
1640 1143 1823 1208 BAX,
1860 1144 2165 1214 aliquando
2199 1146 2269 1201 ad

440 1235 675 1299 finitam,
717 1253 816 1290 seu
853 1234 1216 1289 terminatam
1256 1234 1585 1290 distantiam
1634 1234 1838 1305 (etiarn
1877 1235 1935 1290 in
1975 1236 2270 1307 hypothesi

439 1326 632 1398 anguli
682 1325 863 1396 acuti)
923 1335 1180 1382 occurret
1229 1325 1334 1397 ipsi
1387 1326 1494 1380 ΒΧ
1544 1325 1602 1380 in
1651 1327 1899 1396 quodam
1948 1336 2156 1398 puncto
2206 1329 2267 1383 P.

440 1418 612 1489 Quod
646 1426 747 1473 ete.
792 1413 889 1469 [64]

1078 1581 1563 1629 COROLLARIUM
1602 1582 1638 1627 1.

558 1690 713 1745 Hinc
737 1690 892 1746 nulla
909 1689 1027 1755 AZ,
1056 1708 1199 1761 quae
1224 1708 1421 1745 versus
1447 1699 1635 1761 partes
1661 1698 1999 1760 punctorum
2016 1688 2071 1743 X
2098 1706 2274 1758 angu-

440 1782 558 1837 lum
584 1791 812 1838 acutum
837 1782 1041 1838 efficiat
1064 1781 1348 1852 majorem
1374 1782 1470 1838 illo
1496 1782 1679 1846 BAX,
1707 1800 2001 1837 occurrere
2026 1798 2273 1850 unquam

442 1873 664 1945 poterit,
704 1873 823 1929 sive
858 1876 931 1929 ad
966 1873 1187 1929 finitam
1224 1874 1342 1929 sive
1378 1875 1451 1929 ad
1488 1872 1768 1929 infinitam
1804 1872 2132 1928 distantiam
2168 1870 2272 1941 ipsi

443 1965 566 2021 ΒΧ.
644 1966 940 2037 Quatenus
976 1966 1127 2021 enirn
1161 1966 1240 2021 ita
1274 1965 1642 2037 contingeret,
1680 1965 1801 2035 jam
1836 1964 1931 2020 illa
1965 1963 2095 2028 AX,
2133 1961 2275 2018 divi-

443 2059 582 2113 dens
616 2058 889 2129 angulum
925 2057 1096 2122 BAZ,
1133 2058 1360 2112 deberet
1405 2057 1634 2128 (contra
1669 2056 2037 2127 praemissam
2072 2072 2275 2125 suppo-

444 2149 739 2220 sitionem)
778 2150 851 2205 ad
879 2149 1097 2204 finitam
1126 2148 1455 2205 distantiam
1483 2166 1777 2204 occurrere
1807 2147 1912 2218 ipsi
1943 2146 2049 2201 BX
2066 2165 2079 2213 ;
2108 2154 2276 2217 prout

444 2242 897 2297 demonstratum
948 2240 1006 2296 id
1055 2249 1141 2296 est
1190 2241 1259 2296 de
1311 2248 1462 2296 recta
1512 2239 1617 2296 AC
1668 2238 1955 2294 dividente
2005 2237 2276 2309 angulum

445 2332 625 2388 BAX.

1069 2495 1553 2542 COROLLARIUM
1589 2495 1650 2540 ΙΙ.

564 2604 865 2658 Praeterea
895 2602 1149 2674 sequitur
1177 2602 1396 2658 nullum
1428 2602 1555 2657 fore
1585 2603 2022 2659 determinatum
2052 2611 2276 2658 acutum

446 2695 719 2766 angulum
757 2694 1014 2750 omnium
1049 2693 1382 2759 maximum,
1425 2694 1529 2750 sub
1568 2712 1679 2764 quo
1720 2695 1921 2750 educta
1959 2713 2032 2749 ex
2071 2702 2278 2764 puncto

448 2785 504 2840 A
537 2787 609 2842 ad
644 2785 863 2842 finitam
896 2785 1224 2842 distantiam
1259 2795 1518 2841 occurrat
1553 2785 1632 2840 illi
1669 2785 1792 2840 ΒΧ.
1874 2785 1935 2842 Si
1970 2785 2121 2841 enim
2155 2803 2279 2840 ver-

448 2896 542 2934 sus
579 2887 767 2948 partes
803 2877 994 2949 puncti
1032 2877 1087 2932 X
1124 2886 1395 2948 punctum
1431 2876 1672 2947 quodvis
1708 2894 1980 2941 assumaS,
2019 2877 2171 2947 quod
2207 2876 2279 2931 sit

449 2969 615 3026 altius
658 2978 868 3040 puncto
912 2970 975 3034 P,
1019 2977 1240 3024 constat
1283 2976 1494 3024 rectam
1537 2967 1870 3040 jungentem
1912 2976 2182 3039 punctum
2225 2967 2280 3022 A
