2456 4016
591 328 1072 400 perpendicularis
1107 329 1220 386 CB.
1298 329 1443 386 Dico
1478 328 1787 387 stabilitum
1825 329 1954 386 hinc
1987 329 2061 385 iri
2094 331 2268 403 hypo-

594 419 796 476 thesim
826 430 925 476 aut
953 421 1149 492 anyuli
1177 421 1332 488 recti,
1364 430 1463 477 aut
1490 422 1686 493 anyuli
1715 421 1918 488 obtusi,
1949 430 2048 478 aut
2077 419 2271 492 anyuli

590 511 758 579 acuti,
784 520 956 584 prout
969 511 1155 582 portio
1173 512 1289 567 ΗΒ
1306 511 1556 584 aequalis
1580 510 1912 584 fue-[vnit.
1939 520 2039 568 aut
2061 512 2267 584 major,

592 611 692 659 aut
719 603 910 659 minor
936 603 1060 674 ipsa
1086 603 1227 659 ΑΗ.

556 734 1012 791 Demonstratur.
1087 736 1239 791 Nam
1268 736 1466 807 juncta
1498 738 1602 792 DB
1633 738 1740 793 erit
1780 738 1884 809 (ex
1914 738 1964 792 4.
2000 737 2183 807 primi,
2216 746 2271 792 et

440 845 513 881 ex
559 827 642 882 10.
689 827 895 898 hujus)
947 837 1043 883 aut
1086 827 1351 898 aequaliS,
1397 838 1493 884 aut
1534 828 1740 900 major,
1787 838 1883 884 aut
1923 828 2110 883 minor
2152 828 2272 899 ipsa

442 917 571 983 AD,
612 917 731 973 sive
771 918 892 983 DC,
934 929 1102 989 prout
1141 920 1234 974 illa
1273 921 1460 989 portio
1501 921 1612 975 ΗΒ
1652 920 1900 990 aequalis
1943 920 2133 984 fuerit,
2177 929 2271 974 aut

442 1008 647 1080 major,
682 1018 780 1066 aut
810 1010 1000 1065 minor
1032 1010 1153 1081 ipsa
1185 1010 1322 1066 AH.

558 1101 633 1157 Et
677 1101 862 1172 primo
908 1101 1137 1172 quidem
1182 1102 1254 1157 sit
1300 1104 1413 1157 ΗΒ
1458 1103 1706 1173 aequalis
1752 1103 1857 1173 ipsi
1905 1103 2040 1167 AH,
2090 1103 2167 1158 ita
2212 1112 2273 1158 ut

442 1201 741 1263 propterea
768 1192 966 1263 juncta
996 1194 1100 1248 DB
1130 1193 1379 1265 aequalis
1409 1194 1481 1249 sit
1509 1194 1613 1265 ipsi
1643 1194 1772 1258 AD,
1806 1194 1923 1249 sive
1954 1194 2073 1250 DC.
2127 1194 2276 1250 Con-

443 1292 554 1339 stat
592 1283 1113 1340 circumferentiam
1152 1285 1362 1350 circuli,
1404 1286 1497 1356 qui
1538 1294 1732 1341 centro
1773 1287 1843 1350 D,
1885 1294 1940 1340 et
1980 1285 2275 1340 intervallo

445 1375 550 1429 DB
585 1375 951 1441 describatur,
987 1376 1357 1432 transituram
1391 1396 1489 1447 per
1521 1386 1728 1447 puncta
1761 1377 1831 1441 A,
1867 1386 1922 1432 et
1956 1378 2016 1432 C.
2093 1376 2276 1448 Igitur

444 1467 686 1538 angulus
724 1467 898 1532 ABC,
939 1467 1034 1538 qui
1074 1467 1303 1538 ponitur
1342 1478 1543 1533 rectus,
1585 1468 1789 1523 existet
1829 1469 1885 1522 in
1924 1487 1991 1524 eo
2031 1468 2276 1523 semicir-

444 1558 588 1623 cu10,
622 1558 789 1630 cujus
821 1559 1094 1614 diameter
1127 1559 1248 1615 AC.
1353 1560 1547 1631 Quare
1590 1561 1695 1630 (ex
1727 1560 2125 1631 praecedente)
2168 1569 2278 1614 sta·-

445 1650 671 1705 bilietur
711 1650 1039 1721 hypothesis
1081 1651 1272 1721 anguli
1319 1651 1469 1706 recti.
1554 1652 1725 1723 Quod
1767 1660 1887 1706 erat
1928 1652 2112 1721 primo
2155 1652 2278 1705 loco

446 1743 967 1797 demonstrandum.

566 1833 653 1889 Sit
699 1835 947 1888 secundo
997 1835 1109 1888 ΗΒ
1156 1834 1347 1904 major
1396 1835 1516 1903 ipsa
1564 1831 1703 1898 AH,
1750 1835 1827 1889 ita
1874 1844 1936 1889 ut
1983 1844 2277 1905 propterea

447 1924 645 1995 juncta
672 1925 779 1979 DB
806 1925 997 1995 major
1024 1925 1095 1981 sit
1124 1925 1246 1995 ipsa
1275 1925 1404 1989 AD,
1437 1925 1554 1980 sive
1585 1926 1704 1981 DC.
1778 1926 2015 1981 Constat
2044 1925 2280 1980 circum-

451 2015 755 2072 ferentiam
778 2016 988 2081 circuli,
1015 2016 1110 2087 qui
1135 2026 1330 2072 centro
1356 2018 1425 2081 D,
1453 2026 1508 2072 et
1532 2016 1829 2072 intervallo
1856 2017 1983 2081 DA,
2013 2017 2130 2072 sive
2156 2017 2278 2081 DC,

448 2106 814 2173 describatur,
854 2126 1218 2164 occursuram
1255 2107 1362 2178 ipsi
1401 2109 1506 2163 DB
1545 2107 1602 2163 in
1639 2108 1828 2178 aliquo
1865 2117 2075 2179 puncto
2111 2108 2280 2163 inter-

447 2199 637 2255 medio
669 2200 741 2254 K.
815 2198 1016 2271 Igitur,
1049 2199 1261 2270 junctis
1294 2200 1426 2264 AK,
1459 2209 1515 2255 et
1547 2200 1668 2264 CK,
1703 2200 1810 2255 erit
1841 2200 2081 2270 angulus
2115 2199 2281 2255 AKC

447 2290 700 2356 obtusuS,
747 2290 880 2362 quia
921 2290 1114 2361 major
1167 2291 1271 2362 (ex
1314 2291 1404 2346 21.
1452 2290 1653 2362 primi)
1707 2291 1917 2362 angulo
1963 2291 2137 2355 ABC,
2185 2290 2279 2361 qui

448 2382 680 2453 ponitur
704 2392 903 2438 rectus.
973 2383 1166 2454 Quare
1202 2382 1306 2453 (ex
1332 2381 1730 2453 praecedente)
1766 2382 2080 2438 stabilietur
2106 2384 2282 2454 hypo—

448 2473 623 2529 thesis
669 2473 862 2545 anguli
909 2473 1110 2529 obtusi.
1200 2473 1371 2545 Quod
1419 2482 1540 2528 erat
1586 2474 1833 2528 secundo
1880 2474 2003 2528 loco
2051 2475 2281 2529 demon-

450 2565 760 2621 strandum.

571 2657 658 2713 Sit
685 2656 854 2712 tertio
884 2657 996 2711 ΗΒ
1026 2656 1213 2711 minor
1244 2656 1363 2726 ipsa
1394 2655 1530 2720 AH,
1563 2657 1641 2711 ita
1670 2666 1731 2712 ut
1760 2665 2057 2727 propterea
2087 2656 2281 2728 juncta

454 2748 559 2803 DB
594 2747 784 2804 minor
818 2748 890 2803 sit
925 2748 1047 2818 ipsa
1082 2747 1212 2812 AD,
1252 2747 1369 2803 sive
1407 2747 1526 2803 DC.
1607 2748 1845 2803 Constat
1880 2747 2283 2803 circumferen-

451 2839 591 2896 tiam
633 2839 844 2905 circuli,
891 2839 986 2910 qui
1032 2848 1226 2894 centro
1274 2840 1344 2903 D,
1392 2848 1446 2894 et
1491 2839 1789 2894 intervallo
1836 2838 1964 2903 DA,
2012 2839 2130 2894 sive
2177 2840 2283 2895 DC

451 2930 817 2997 describatur,
861 2948 1225 2987 occursuram
1268 2930 1325 2984 in
1367 2929 1556 3000 aliquo
1598 2938 1806 3000 puncto
1850 2930 1915 2985 M
1957 2930 2132 3000 ipsius
2175 2930 2280 2985 DB
