2456 4016
388 325 650 397 opposito
687 325 814 397 (qui
840 334 973 381 tunc
1002 325 1191 396 fieret)
1230 324 1419 390 AHG,
1451 324 1569 381 sive
1597 325 1785 383 GHA.
1856 325 2055 395 Itaque
2080 324 2220 381 bene

391 418 660 488 supposui
696 417 842 472 latus
879 417 985 472 DF
1018 417 1186 472 unius
1220 417 1490 488 trianguli
1523 417 1711 473 minus
1749 417 1877 472 fore
1909 416 2083 472 latere
2117 414 2222 472 AC

391 508 622 563 alterius
660 508 947 580 trianguli,
988 507 1157 578 juxta
1194 508 1553 579 hypothesim
1589 508 1711 580 jam
1749 507 2069 563 stabilitam.

509 600 703 671 Quare
737 619 810 655 ex
844 600 1065 656 duobus
1100 598 1392 670 quibusvis
1427 599 1669 655 invicem
1702 598 2091 671 aequiangulis
2125 598 2225 654 tri-

394 691 634 762 anguliS,
687 692 786 747 sed
836 709 952 746 non
1002 690 1173 746 etiam
1225 690 1467 745 invicem
1517 690 1891 762 aequilateriS,
1945 689 2226 746 stabilitur

396 782 844 838 Pronunciatum
882 782 1268 837 Euclidaeum.
1347 782 1520 854 Quod
1555 782 1964 837 intendebatur.

1086 980 1424 1027 SCHOLION
1458 982 1541 1028 IV.

396 1103 468 1158 In
506 1121 617 1174 quo
660 1102 965 1174 exponitur
1000 1102 1259 1174 fiyuralis
1297 1105 1573 1174 quaedam
1617 1103 1906 1170 exhibitio,
1949 1104 2022 1159 ad
2061 1122 2228 1175 quam

609 1194 862 1266 fortasse
913 1193 1164 1265 respexit
1213 1193 1499 1262 EuclideS,
1554 1204 1616 1250 ut
1666 1214 1832 1250 suum
1885 1194 2025 1250 illud

816 1285 1267 1342 Prouuuciatum
1311 1295 1578 1357 tanquam
1619 1296 1721 1358 per
1758 1305 1819 1341 se

1045 1386 1244 1433 uotum
1297 1377 1590 1434 stabiliret.

521 1510 835 1566 Praemitto
882 1510 1097 1581 primo:
1148 1511 1252 1566 sub
1300 1511 1550 1581 quolibet
1596 1512 1807 1583 angulo
1856 1520 2022 1567 acuto
2071 1511 2235 1566 BAX

414 1602 629 1674 (recole
660 1621 735 1658 ex
766 1604 872 1657 hac
904 1603 1041 1658 Tab.
1080 1601 1203 1673 Fig.
1245 1602 1366 1673 12.)
1409 1603 1569 1658 educi
1604 1620 1768 1673 posse
1801 1622 1874 1658 ex
1907 1603 2096 1673 aliquo
2136 1599 2232 1655 [42]

404 1703 614 1765 puncto
649 1693 705 1749 X
741 1693 917 1765 ipsius
953 1694 1068 1749 AX
1103 1695 1390 1764 quandam
1426 1694 1551 1759 XB,
1590 1713 1733 1765 quae
1769 1695 1872 1750 sub
1908 1695 2109 1765 quovis
2146 1695 2239 1750 de-

407 1786 632 1858 signato
674 1785 895 1841 etiamsi
938 1786 1143 1841 obtuso
1183 1786 1394 1856 angulo
1437 1785 1507 1850 R,
1553 1786 1647 1856 qui
1691 1785 1961 1842 nimirum
2003 1804 2132 1842 cum
2173 1804 2240 1840 eo

407 1887 575 1934 acuto
614 1877 780 1932 BAX
819 1877 1044 1934 deficiat
1082 1896 1116 1932 a
1154 1877 1374 1933 duobus
1414 1877 1609 1943 rectis;
1648 1879 1950 1948 quandam,
1992 1878 2238 1948 inquam,

297 2048 301 2051 .
406 1968 568 2025 educi
601 1987 767 2040 posse
797 1969 923 2034 XB,
957 1987 1100 2040 quae
1130 1970 1202 2024 ad
1236 1968 1455 2024 finitam
1486 1969 1815 2024 distantiam
1846 1978 2106 2025 occurrat
2136 1969 2240 2039 ipsi

409 2061 516 2116 AB
557 2061 615 2116 in
653 2061 903 2133 quodam
940 2070 1150 2132 puncto
1191 2061 1253 2115 Β.
1337 2059 1491 2116 Nam
1530 2060 1588 2116 id
1628 2061 1812 2131 ipsum
1851 2060 1973 2132 jam
2013 2062 2244 2117 demon-

410 2153 587 2209 stravi
623 2153 681 2208 in
719 2152 949 2210 Scholio
982 2161 1111 2224 post
1145 2151 1313 2207 XIII.
1352 2151 1541 2223 hujus,
1790 2186 1792 2189 v

529 2244 844 2301 Praemitto
882 2245 1160 2300 secundo:
1202 2261 1296 2299 eas
1336 2242 1460 2308 AB,
1502 2243 1617 2298 AX
1667 2243 1791 2315 (fig.
1834 2242 1961 2314 25.)
2009 2243 2245 2315 intelligi

412 2355 577 2408 posse
618 2336 677 2392 in
718 2336 1003 2392 infinitum
1043 2344 1359 2407 protractas
1400 2352 1581 2405 usque
1620 2335 1679 2389 in
1721 2336 2000 2405 quaedam
2040 2344 2246 2406 puncta

413 2429 487 2493 Y,
513 2437 569 2484 et
593 2428 667 2495 Ζ;
693 2437 861 2499 atque
886 2427 1021 2484 item
1045 2425 1393 2498 praedictam
1418 2426 1526 2481 XB
1562 2426 1652 2498 (in
1678 2425 1963 2482 infinitum
1988 2436 2042 2483 et
2069 2427 2247 2499 ipsam

414 2528 761 2591 protractam
788 2537 965 2590 usque
993 2518 1050 2574 in
1079 2519 1367 2589 quoddam
1395 2526 1665 2588 punctum
1692 2517 1780 2588 Y)
1819 2518 2055 2590 intelligi
2083 2536 2249 2590 posse
