2456 4016
440 312 566 351 rum
597 293 779 360 APY,
815 304 869 351 et
900 295 1082 351 XPY.
1158 295 1237 351 At
1269 297 1375 351 hoc
1407 296 1696 352 evidenter
1728 304 2004 368 repugnat
2033 305 2269 352 naturae

439 386 619 441 lineae
649 396 846 442 rectae.

557 477 659 534 Sin
697 496 834 533 vero
874 478 1137 548 cuiquam
1175 478 1362 534 minus
1403 465 1754 549 opportunus
1794 479 2054 535 videatur
2093 464 2268 551 angu-

438 569 525 624 lus
560 568 794 625 obtusus
830 571 903 624 ad
940 569 1078 624 illud
1113 579 1384 639 punctum
1420 569 1476 624 X
1512 589 1708 626 versus
1745 580 1931 641 partes
1968 571 2158 641 puncti
2197 571 2267 634 A,

437 660 595 716 nullo
628 661 858 732 negotio
895 661 1134 731 supponi
1170 661 1377 731 poterit
1412 671 1625 728 rectus;
1661 663 1803 717 adeo
1839 671 1901 717 ut
1935 680 2134 733 nempe
2181 662 2268 733 (in

437 761 597 808 motu
622 752 941 823 praedictae
967 753 1083 807 XY
1108 754 1181 807 ad
1207 753 1446 824 angulos
1472 771 1692 824 semper
1718 762 1900 808 rectos
1927 772 2093 824 super
2119 763 2269 810 recta

438 843 573 914 AZ)
607 843 970 899 manifestius
996 852 1264 914 appareat
1290 844 1513 915 singula
1538 845 1686 900 illius
1704 845 1820 899 XY
1836 854 2043 914 puncta
2068 864 2270 915 aequa-

438 935 623 990 biliter
658 953 879 1005 semper
911 935 1129 990 moveri
1168 935 1339 990 relate
1376 937 1448 991 ad
1485 936 1800 1007 subjectam
1836 936 1967 1002 AZ;
2004 955 2068 991 ac
2105 956 2270 1008 prop-

438 1035 590 1081 terea
623 1026 856 1097 nequire
888 1026 1010 1097 jam
1043 1026 1252 1081 dictam
1285 1027 1401 1082 XY
1432 1028 1674 1082 transire
1707 1029 1776 1083 de
1811 1037 2032 1082 secante
2065 1028 2123 1082 in
2155 1047 2269 1083 non

438 1126 721 1173 secantem
753 1118 984 1173 alterius
1017 1117 1342 1175 indefinitae
1374 1118 1504 1184 AY,
1539 1119 1646 1174 nisi
1680 1138 1806 1174 eam
1838 1120 2270 1191 autaliquando

439 1209 495 1264 in
519 1209 709 1280 aliquo
732 1219 941 1279 puncto
964 1210 1213 1280 praecise
1236 1210 1543 1281 contingat,
1563 1220 1660 1266 aut
1684 1211 1787 1280 ipsi
1807 1220 2066 1266 occurrat
2090 1212 2147 1266 in
2172 1212 2270 1267 ali-

437 1319 549 1371 quo
594 1310 804 1371 puncto
852 1302 915 1365 P,
962 1300 1057 1357 ubi
1102 1320 1231 1357 cum
1276 1303 1473 1357 eadem
1519 1302 1632 1357 AY
1678 1321 1976 1358 commune
2022 1303 2269 1359 obtineat

437 1401 792 1464 segmentum
852 1393 987 1459 PY;
1045 1411 1289 1463 quorum
1345 1402 1628 1464 utrunque
1686 1394 1977 1449 adversari
2035 1403 2269 1451 naturae

437 1483 616 1539 lineae
650 1493 834 1540 rectae
865 1486 1162 1540 ostendam
1193 1486 1266 1541 ad
1299 1485 1586 1540 XXXIII.
1623 1486 1812 1556 hujus,
1888 1485 2071 1557 Igitur
2103 1486 2269 1557 juxta

437 1594 632 1631 veram
672 1576 858 1631 ideam
898 1576 1078 1631 lineae
1120 1586 1320 1641 rectae,
1364 1577 1586 1632 debebit
1626 1577 1721 1632 illa
1761 1578 1893 1642 XY,
1937 1578 1995 1632 in
2036 1588 2270 1649 quanta-

436 1685 656 1737 cunque
690 1667 959 1722 distantia
992 1668 1183 1738 puncti
1219 1668 1275 1722 X
1309 1687 1342 1723 a
1375 1678 1584 1739 puncto
1618 1669 1688 1733 A,
1723 1687 2017 1725 occurrere
2052 1688 2270 1741 semper

437 1758 495 1813 in
519 1759 710 1829 aliquo
734 1768 943 1829 puncto
968 1759 1073 1829 ipsi
1098 1759 1226 1814 AY.
1270 1759 1460 1830 Atque
1485 1761 1542 1815 id
1568 1761 1796 1831 quidem
1831 1762 2269 1832 (quantumlibet

437 1869 646 1921 parvus
684 1860 1036 1921 supponatur
1072 1860 1269 1907 acutus
1307 1852 1548 1923 angulus
1586 1853 1658 1907 ad
1695 1862 1965 1923 punctum
2002 1853 2088 1923 A)
2134 1854 2270 1909 satis

437 1961 559 1998 esse
590 1943 663 1997 ad
696 1943 1220 2008 demonstrandum,
1256 1952 1453 1999 contra
1487 1945 1844 2015 hypothesim
1877 1945 2069 2016 anguli
2102 1946 2267 2011 acuti,

440 2034 888 2090 Pronunciatum
927 2035 1314 2100 Euclidaeum,
1355 2035 1633 2091 constabit
1670 2055 1742 2091 ex
1781 2036 2035 2092 XXVII.
2078 2037 2266 2108 hujus,

1057 2198 1460 2246 PROPOSITIO
1493 2200 1652 2246 XXII.

438 2303 506 2359 Si
529 2305 675 2360 duae
701 2314 886 2361 rectae
910 2306 1036 2373 AB,
1066 2307 1114 2364 C
1116 2308 1171 2361 D
1198 2307 1257 2362 in
1285 2309 1482 2363 eodem
1508 2310 1675 2379 plano
1706 2308 2011 2364 existentes
2036 2318 2270 2382 perpen-

594 2395 921 2453 diculariter
956 2397 1222 2453 insistant
1260 2399 1483 2454 cuidam
1522 2409 1707 2455 rectae
1745 2402 1883 2468 BD,·
1921 2401 2044 2471 ipsa
2083 2411 2269 2457 antem

590 2480 701 2544 AC
733 2489 984 2559 jnnyens
1019 2509 1084 2545 ea
1115 2490 1514 2561 perpendicula
1549 2491 1804 2547 internos
1850 2493 1939 2564 (in
1976 2492 2272 2565 hypothesi

593 2580 789 2650 anguli
815 2580 997 2651 acuti)
1036 2578 1269 2637 aen-[44]
1282 2590 1371 2637 tos
1399 2585 1637 2652 anynlos
1655 2602 1780 2638 cnm
1799 2583 2007 2639 eisdem
2041 2584 2269 2655 efficiat:

592 2671 737 2727 Dico
781 2672 904 2743 (ᾖς.
939 2672 1064 2743 26.)
1107 2682 1289 2729 rectas
1321 2673 1650 2730 terminatas
1678 2675 1803 2741 AC,
1835 2677 1943 2730 BD
1975 2695 2270 2732 commune

593 2761 824 2835 aliquod
855 2765 1060 2820 habere
1089 2764 1568 2836 perpendicnlum,
1604 2775 1657 2821 et
1687 2766 1914 2838 quidem
1945 2767 2097 2824 intra
2126 2767 2269 2823 limi-

596 2862 679 2910 tes
718 2854 1028 2926 desiynatis
1064 2855 1288 2927 punctis
1323 2857 1397 2923 A,
1439 2866 1493 2912 et
1533 2858 1580 2915 C
1617 2858 1960 2928 praefinitos.
