2456 4016
372 312 531 359 motu
561 304 751 375 genita
780 321 896 359 non
924 303 1033 358 nisi
1065 312 1217 359 recta
1244 304 1392 359 linea
1420 306 1699 360 censenda
1729 305 1815 360 sit.
1868 305 1980 361 Sed
2010 313 2200 375 quate-

373 413 480 451 nus
515 396 588 450 ad
623 395 1031 466 experientiam
1065 395 1356 466 physicam
1391 414 1700 466 provocare
1736 397 1825 451 hic
1861 397 2053 462 liceat;
2087 405 2200 451 tres

374 487 567 542 statim
604 487 846 542 afferam
884 486 1395 542 demonstrationes
1438 488 2092 559 Physico-Geometricas
2131 489 2202 543 ad

374 578 859 649 comprobandum
896 578 1344 633 pronunciatum
1380 578 1763 635 Euclidaeum.
1824 578 1938 634 Ubi
1974 597 2089 633 non
2123 580 2204 633 lo-

376 687 521 740 quor
570 671 638 724 de
688 669 1037 740 experientia
1085 669 1318 740 physica
1366 671 1629 725 tendente
1680 671 1761 724 in'
1788 670 2088 734 infinitum,
2141 689 2204 725 ac

375 769 674 831 propterea
702 761 864 815 nobis
895 760 1226 831 impossibili
1243 780 1255 827 ;
1286 760 1466 831 qualis
1496 780 1695 832 nempe
1726 761 2106 831 requireretur
2134 763 2206 817 ad

376 853 849 923 cognoscendum,
900 853 1052 922 quod
1100 860 1307 922 puncta
1353 852 1545 908 omnia
1591 853 1821 923 junctae
1871 861 2054 908 rectae
2101 853 2206 909 DC

377 942 754 1014 aequidistent
788 962 822 998 a
856 952 1007 998 recta
1042 943 1166 1007 AB,
1204 961 1347 1013 quae
1382 944 1718 1014 supponitur
1753 944 1811 998 in
1845 945 2046 999 eodem
2080 962 2206 1000 curn

378 1033 501 1105 ipsa
543 1035 649 1090 DC
688 1035 859 1105 plano
898 1034 1226 1090 consistens,
1313 1035 1465 1090 Nam
1505 1035 1643 1089 mihi
1687 1035 1822 1089 satis
1864 1035 1972 1090 erit
2011 1036 2208 1091 unicus

378 1125 706 1181 individuus
746 1143 938 1192 casus;
978 1134 1041 1181 ut
1079 1134 1232 1196 puta,
1274 1125 1321 1180 si
1361 1126 1558 1196 juncta
1600 1135 1750 1181 recta
1792 1127 1914 1191 DC,
1957 1145 2210 1198 assump-

377 1225 549 1287 toque
596 1235 711 1272 uno
759 1217 949 1287 aliquo
996 1217 1124 1287 ejus
1172 1226 1380 1287 puncto
1431 1218 1503 1282 N,
1554 1218 2032 1289 perpendicularis
2082 1219 2207 1274 NM

379 1308 624 1363 demissa
657 1309 731 1363 ad
764 1308 1080 1379 subjectam
1114 1308 1220 1363 AB
1254 1309 1635 1380 comperiatur
1667 1328 1789 1364 esse
1823 1310 2071 1380 aequalis
2106 1310 2209 1381 ipsi

381 1400 504 1464 BD,
541 1400 659 1454 sive
695 1399 815 1456 AC.
894 1402 1057 1455 Tunc
1091 1400 1242 1455 enim
1276 1401 1468 1472 anguli
1504 1401 1633 1456 hinc
1670 1401 1799 1456 inde
1835 1403 1908 1457 ad
1943 1411 2209 1472 punctum

383 1491 439 1545 N
473 1492 734 1562 aequales
772 1492 964 1546 forent
1008 1492 1112 1563 (ex
1149 1492 1195 1546 1.
1236 1491 1442 1563 hujus)
1486 1493 1708 1564 angulis
1744 1492 1848 1547 sibi
1883 1511 2211 1565 correspon-

382 1583 643 1638 dentibus
683 1584 757 1638 ad
795 1592 1005 1653 puncta
1046 1584 1108 1647 C,
1151 1592 1206 1638 et
1247 1584 1318 1648 D,
1361 1583 1456 1654 qui
1499 1603 1726 1639 rursum
1777 1584 1881 1655 (ex
1921 1586 2118 1641 eadem
2165 1586 2209 1640 1.

382 1673 588 1744 hujus)
629 1675 889 1745 aequales
922 1674 1069 1729 inter
1100 1693 1159 1729 se
1193 1675 1399 1729 forent.
1475 1676 1666 1747 Quare
1700 1677 1891 1746 anguli
1924 1676 2054 1731 hinc
2084 1677 2213 1732 inde

382 1767 454 1821 ad
488 1774 760 1836 punctum
796 1767 869 1831 N,
906 1775 1074 1837 atque
1109 1766 1237 1822 ideo
1271 1766 1441 1822 etiam
1477 1767 1675 1837 reliqui
1712 1768 1825 1823 duo
1861 1768 1996 1824 recti
2031 1778 2210 1825 erunt.

383 1857 569 1928 Igitur
595 1876 772 1913 unum
798 1857 1126 1913 habebimus
1154 1876 1348 1913 casum
1375 1877 1478 1929 pro
1505 1859 1801 1930 hypothesi
1829 1860 2020 1932 anguli
2051 1861 2215 1927 recti;

383 1967 448 2004 ac
482 1957 781 2019 propterea
824 1948 1024 2020 (juxta
1059 1949 1331 2019 quintam,
1370 1959 1424 2005 et
1461 1950 1964 2007 decimamtertiam
1999 1952 2206 2024 hujus)

384 2042 836 2096 demonstratum
862 2040 1190 2097 habebimus
1220 2041 1667 2097 Pronunciatum
1696 2043 2080 2099 Euclidaeum.
2112 2044 2216 2099 At-

384 2150 492 2203 que
537 2133 675 2187 haec
719 2150 839 2187 esse
885 2141 1070 2203 potest
1113 2133 1296 2203 prima
1342 2133 1751 2189 demonstratio
1799 2135 2215 2206 Physico-Geo-

385 2223 633 2279 metrica.
1348 2210 1350 2212 ’

484 2316 761 2371 >Transeo
790 2317 863 2371 ad
894 2316 1214 2371 secundam.
1288 2316 1432 2371 Esto
1462 2316 1861 2382 semicirculuS,
1895 2318 2060 2388 cujus
2092 2337 2217 2375 cen-

386 2415 540 2463 trum
572 2408 644 2471 D,
677 2416 733 2462 et
761 2407 1037 2463 diameter
1067 2407 1188 2463 AC.
1265 2406 1326 2463 Si
1357 2426 1495 2479 ergo
1536 2407 1660 2479 (fig.
1701 2407 1820 2479 17.)
1863 2409 1921 2464 in
1953 2410 2080 2481 ejus
2112 2411 2218 2466 cir-

386 2498 767 2554 cumferentia
790 2507 1113 2554 assumatur
1137 2507 1408 2569 punctum
1432 2499 1661 2569 aliquod
1689 2500 1753 2564 B,
1781 2502 1854 2556 ad
1880 2503 2032 2572 quod
2057 2502 2218 2573 junc-

387 2599 478 2645 tae
508 2590 632 2654 AB,
666 2590 763 2646 CB
795 2590 1216 2661 comperiantur
1245 2589 1532 2645 continere
1563 2591 1835 2662 angulum
1868 2602 2098 2659 rectum,
2133 2613 2219 2649 sa-

389 2681 461 2737 tis
487 2681 595 2737 erit
620 2681 711 2736 hic
735 2681 934 2737 unicus
961 2699 1123 2737 casus
1160 2681 1361 2752 (prout
1387 2682 1771 2737 demonstravi
1800 2683 1857 2739 in
1889 2684 1972 2739 18.
2004 2686 2210 2757 hujus)

389 2774 461 2829 ad
488 2772 881 2828 stabiliendam
907 2772 1265 2844 hypothesim
1291 2773 1482 2844 anguli
1512 2773 1664 2838 recti,
1693 2793 1758 2830 ac
1783 2785 2081 2846 propterea
2117 2778 2219 2849 (ex

389 2865 677 2935 praedicta
708 2865 789 2921 13.
819 2864 1027 2935 hujus)
1061 2865 1134 2919 ad
1161 2865 1665 2920 demonstrandum
1691 2875 1889 2923 notum
1916 2867 2053 2925 illud
2081 2871 2221 2925 Pro-

391 2956 735 3013 nunciatum.
778 2952 874 3007 [36]

512 3048 781 3118 Superest
851 3046 1019 3103 tertia
1090 3047 1502 3103 demonstratio
1574 3048 2217 3120 Physico-Geometrica‚

1285 3537 1334 3569 94
