2456 4016
492 325 561 381 lis
590 325 696 396 ipsi
725 325 848 391 BA,
880 326 1266 397 jungaturque
1295 325 1426 379 AK.
1498 326 1787 397 Quoniam
1816 326 1989 398 igitur
2018 345 2185 397 super
2216 326 2321 382 BD

492 418 1031 489 perpendiculariter
1095 418 1362 472 insistunt
1426 418 1685 488 aequales
1752 428 1934 473 rectae
2000 419 2122 482 BA,
2190 419 2319 483 DK,

492 509 753 579 aequales
780 518 945 564 erunt
972 510 1076 581 (ex
1101 509 1283 579 prima
1311 509 1517 580 hujus)
1544 509 1735 580 anguli
1755 509 1937 574 BAK,
1958 510 2147 564 DKA.
2193 511 2323 565 Hoc

493 610 683 656 autem
713 600 1022 656 absurdum
1053 610 1165 666 est余
1197 619 1326 655 cum
1357 601 1598 672 angulus
1632 601 1800 656 BAK
1831 601 1903 656 sit
1935 620 2007 656 ex
2037 610 2324 656 construc-

493 692 646 747 tione
684 693 873 747 minor
912 692 1204 763 supposito
1245 700 1398 747 recto
1438 692 1623 758 BAC余
1663 701 1717 747 et
1756 693 1997 763 angulus
2040 692 2214 747 DKA
2252 692 2323 747 sit

493 803 566 838 ex
609 784 1027 839 constructione
1071 792 1356 848 externuS,
1403 792 1570 853 atque
1615 784 1743 839 ideo
1797 784 1902 855 (ex
1945 784 2323 839 decimasexta

492 875 692 946 primi)
739 875 930 946 major
966 875 1205 939 internO,
1246 884 1300 929 et
1338 875 1598 945 opposito
1637 874 1816 940 DCA,
1857 875 1952 945 qui
1991 875 2324 946 supponitur

494 976 693 1022 rectuS.
772 967 906 1021 Non
939 986 1076 1037 ergo
1110 967 1381 1021 alterutra
1414 967 1832 1036 praedictarum
1866 976 2162 1032 rectarum,
2200 967 2322 1031 DC,

495 1058 617 1123 BA,
660 1067 743 1113 est
783 1059 959 1113 altera
997 1058 1204 1127 major,
1247 1059 1384 1113 dum
1423 1058 1615 1128 anguli
1657 1059 1729 1113 ad
1770 1058 2026 1128 junctam
2067 1059 2172 1114 CD
2213 1058 2325 1113 sint

495 1150 660 1216 recti3
723 1169 788 1204 ac
830 1158 1128 1220 propterea
1170 1149 1431 1219 aequales
1475 1149 1717 1205 invicem
1759 1158 1904 1205 sunt.
1992 1150 2163 1221 Quod
2206 1158 2325 1205 erat

492 1241 678 1311 primo
707 1241 832 1296 loco
863 1242 1384 1296 demonstrandum.
1426 1238 1493 1293 [3]

610 1334 1051 1388 Demonstratur
1081 1333 1327 1387 secunda
1358 1351 1503 1403 pars,
1581 1333 1641 1389 Si
1672 1342 1862 1388 autem
1892 1333 2076 1388 obtusi
2112 1333 2326 1389 fuerint

492 1425 686 1496 anguli
721 1426 794 1480 ad
828 1425 1086 1495 junctam
1122 1426 1243 1489 CD,
1281 1425 1611 1480 dividantur
1644 1425 1916 1480 bifariam
1950 1425 2072 1490 AB,
2110 1435 2165 1481 et
2201 1426 2322 1489 CD,

493 1516 551 1572 in
575 1517 797 1587 punctis
825 1518 907 1581 M,
937 1526 991 1571 et
1019 1518 1095 1581 H,
1124 1517 1511 1587 jungaturque
1539 1518 1685 1572 MH.
1757 1516 2045 1589 Quoniam
2072 1536 2208 1588 ergo
2236 1535 2325 1572 su-

493 1627 594 1679 per
644 1617 795 1663 recta
848 1610 979 1663 MH
1032 1608 1570 1678 perpendiculariter
1622 1608 1889 1663 insistunt
1950 1609 2054 1678 (ex
2105 1627 2326 1679 praece-

494 1700 692 1771 dente)
733 1702 877 1755 duae
909 1709 1091 1754 rectae
1123 1700 1265 1764 AM,
1300 1700 1428 1764 CH,
1462 1700 1800 1770 poniturque
1832 1702 1904 1756 ad
1935 1700 2191 1770 junctam
2222 1700 2326 1756 AC

494 1792 735 1863 angulus
765 1801 948 1846 rectus
975 1792 1033 1846 in
1061 1791 1132 1856 A,
1163 1810 1277 1846 non
1306 1792 1412 1846 erit
1449 1792 1553 1863 (ex
1580 1792 1763 1862 prima
1790 1792 1995 1862 hujus)
2035 1802 2185 1847 recta
2215 1793 2325 1849 CH

494 1884 743 1954 aequalis
784 1884 887 1954 ipsi
928 1884 1071 1948 AM,
1113 1902 1241 1938 cum
1281 1883 1425 1938 desit
1463 1884 1705 1955 angulus
1746 1893 1928 1938 rectus
1969 1884 2026 1938 in
2068 1885 2127 1940 C.
2214 1885 2325 1940 Sed

494 1993 673 2045 neque
707 1975 814 2030 erit
845 1975 1064 2045 major:
1099 1985 1383 2030 caeterum
1417 1984 1641 2045 sumpta
1674 1975 1731 2029 in
1767 1976 1878 2031 HC
1911 1976 2169 2046 portione
2204 1977 2324 2031 KH

494 2067 714 2137 aequali
740 2066 845 2137 ipsi
870 2067 1012 2131 AM,
1041 2067 1301 2136 aequales
1331 2067 1523 2121 forent
1558 2067 1662 2137 (ex
1685 2066 1868 2137 prima
1893 2067 2098 2138 hujus)
2134 2067 2325 2138 anguli

494 2160 566 2214 ad
609 2158 867 2229 junctam
910 2159 1041 2213 AK.
1129 2160 1259 2213 Hoc
1301 2167 1491 2213 autem
1534 2158 1842 2214 absurdum
1886 2168 1985 2223 est,
2031 2168 2094 2215 ut
2137 2177 2323 2229 supra.

496 2250 649 2305 Nam
674 2250 915 2322 angulus
944 2250 1130 2305 MAK
1154 2259 1237 2304 est
1263 2250 1452 2304 minor
1478 2259 1632 2304 recto
1647 2269 1659 2316 余
1686 2258 1741 2305 et
1766 2250 2007 2320 angulus
2035 2250 2217 2306 HKA
2244 2259 2327 2305 est

504 2342 609 2413 (ex
642 2342 1024 2396 decimasexta
1056 2341 1255 2411 primi)
1298 2341 1489 2411 major
1521 2342 1740 2406 obtuSO,
1777 2342 1957 2412 qualis
1992 2342 2326 2412 supponitur

494 2434 766 2498 internuS,
801 2442 855 2488 et
887 2433 1178 2503 oppositus
1213 2433 1398 2488 HCA.
1474 2433 1674 2488 Restat
1706 2432 1895 2504 igitur,
1930 2443 1992 2489 ut
2026 2434 2154 2498 CH,
2190 2434 2326 2489 dum

494 2525 686 2596 anguli
729 2526 801 2580 ad
843 2525 1100 2595 junctam
1144 2525 1248 2580 CD
1291 2533 1575 2594 ponantur
1616 2525 1818 2589 obtusi,
1860 2525 2050 2579 minor
2091 2526 2164 2580 sit
2206 2526 2324 2596 ipsa

494 2616 619 2671 AM
636 2637 649 2683 余
680 2636 745 2672 ac
774 2626 1072 2686 propterea
1102 2615 1307 2686 prioris
1339 2616 1509 2686 dupla
1542 2617 1646 2672 CD
1675 2616 1864 2671 minor
1894 2616 1966 2672 sit
1997 2617 2324 2687 posterioris

494 2709 665 2778 dupla
697 2708 819 2763 AB.
896 2708 1068 2779 Quod
1101 2717 1222 2762 erat
1255 2708 1502 2762 secundo
1535 2707 1660 2762 loco
1693 2709 2213 2764 demonstrandum.

611 2801 1053 2855 Demonstratur
1076 2799 1244 2854 tertia
1269 2817 1414 2869 parS.
1483 2800 1742 2854 Tandem
1767 2818 1920 2864 verO,
1951 2800 1996 2854 si
2024 2801 2172 2856 acuti
2203 2801 2325 2856 fue-

496 2892 609 2947 rint
638 2892 830 2963 anguli
861 2893 932 2946 ad
963 2891 1220 2961 junctam
1251 2891 1372 2955 CD,
1404 2892 1572 2946 ducta
1601 2890 1994 2961 pariformiter
2034 2892 2138 2963 (ex
2167 2911 2325 2963 prae-

495 2984 757 3054 cedente)
807 2982 1255 3054 perpendiculari
1301 2984 1449 3047 MH,
1495 2982 1574 3038 sic
1614 2982 1953 3052 proceditur.
2039 2983 2324 3055 Quoniam
