2456 4016
424 1037 923 1111 EUCLIDIS
966 1036 1107 1105 AB
1156 1036 1462 1212 ΟέᾹΑᾞΙ
1483 1035 1858 1107 NAEVO
1902 1035 2248 1107 VINDI-

1015 1343 1262 1398 LIBER
1311 1343 1656 1400 PRIMUS:

424 1507 494 1545 IN
548 1507 672 1556 QUO
724 1507 1250 1547 DEMONSTRATUR:
1322 1507 1480 1546 DUAS
1533 1507 1872 1555 QUASLIBET
1924 1507 1994 1544 IN
2046 1506 2251 1545 EODEM

578 1599 781 1639 PLANO
816 1599 1191 1639 EXISTENTES
1226 1599 1450 1639 RECTAS
1485 1600 1593 1637 LIN
1599 1599 1724 1648 EAS,
1761 1600 1831 1637 IN
1869 1598 2028 1647 QUAS
2063 1597 2253 1636 RECTA

578 1691 906 1740 QUAEPIAM
951 1692 1245 1731 INCIDENS
1288 1692 1441 1731 DUOS
1482 1691 1562 1729 AD
1604 1691 1844 1730 EASDEM
1892 1690 2114 1729 PARTES
2158 1690 2253 1728 IN-

578 1783 810 1822 TERNOS
836 1784 1122 1823 ANGULOS
1149 1782 1432 1821 EFFICIAT
1459 1783 1698 1822 DUOBUS
1726 1782 1934 1821 RECTIS
1964 1782 2253 1832 MINORES,

577 1875 657 1913 AD
683 1875 793 1914 EAS
822 1876 1045 1915 PARTES
1071 1875 1433 1924 ALIQUANDO
1462 1874 1728 1914 INVICEM
1763 1873 2072 1924 COITURAS‚
2104 1874 2156 1913 SI
2184 1874 2253 1912 IN

579 1967 931 2006 INFINITUM
962 1966 1429 2007 PRODUCANTUR.

1090 2203 1297 2260 PARS
1333 2203 1598 2258 PRIMA

1107 2377 1509 2424 PROPOSITIO
1539 2377 1576 2422 Ι.

426 2486 494 2543 Si
521 2488 666 2542 duae
694 2488 955 2558 aequales
982 2495 1168 2542 rectae
1194 2486 1318 2558 (fiq.
1341 2485 1425 2556 1.)
1450 2485 1575 2551 AC,
1592 2486 1718 2551 BD,
1750 2486 2011 2556 aequales
2039 2486 2112 2540 acl
2141 2502 2257 2539 eas-

582 2580 711 2634 dem
754 2587 945 2649 partes
989 2577 1231 2650 efficiant
1274 2579 1515 2648 auqulos
1559 2596 1685 2632 cum
1731 2585 1885 2632 recta
1926 2576 2035 2630 AB
2055 2596 2065 2631 :
2113 2575 2256 2631 Dico

582 2671 822 2740 anqulos
849 2672 924 2726 ad
947 2670 1205 2742 junctam
1236 2669 1285 2726 C
1286 2670 1341 2723 D
1371 2670 1631 2740 aequales
1659 2666 1899 2723 invicem
1928 2668 2074 2739 fore.

546 2805 1001 2859 Demonstratur.
1081 2803 1408 2874 Jungantur
1447 2801 1576 2866 AD,
1621 2802 1733 2858 CB.
1816 2803 1967 2857 Turn
2005 2801 2259 2856 conside-

431 2904 627 2951 rentur
650 2895 937 2967 triangula
964 2894 1137 2959 (ΖΑΒ,
1166 2893 1346 2949 DBA.
1418 2894 1657 2949 Constat
1693 2893 1797 2964 (ex
1824 2902 2036 2963 quarta·
2051 2892 2249 2963 primi)

429 2987 690 3058 aequales
729 2988 855 3042 fore
889 2987 1050 3042 bases
1087 2987 1202 3051 CB,
1239 2985 1368 3040 AD.
1446 2984 1667 3040 Deinde
1700 2984 2127 3040 considerentur
2159 2984 2259 3039 tri-

431 3079 639 3151 angula
666 3078 848 3144 ACD,
880 3078 1052 3134 BDC.
1126 3078 1364 3134 Constat
1402 3077 1506 3148 (ex
1534 3085 1735 3132 octava
1763 3075 1961 3146 primi)
2001 3075 2258 3146 aequales

433 3171 561 3227 fore
588 3171 827 3242 angulos
857 3169 1036 3235 ACD,
1068 3169 1241 3225 BDC.
1312 3168 1483 3239 Quod
1512 3176 1632 3223 erat
1660 3167 2178 3222 demonstrandum.
