<?xml version="1.0" encoding="UTF-8"?>
<!DOCTYPE html PUBLIC "-//W3C//DTD XHTML 1.0 Transitional//EN"
    "http://www.w3.org/TR/xhtml1/DTD/xhtml1-transitional.dtd">
<html xmlns="http://www.w3.org/1999/xhtml" xml:lang="en" lang="en">
 <head>
  <title>
</title>
<meta http-equiv="Content-Type" content="text/html;charset=utf-8" />
  <meta name='ocr-system' content='tesseract 3.04.00' />
  <meta name='ocr-capabilities' content='ocr_page ocr_carea ocr_par ocr_line ocrx_word'/>
</head>
<body>
  <div class='ocr_page' id='page_1' title='image "./giroeuclvindicat00saccrich_0266.png"; bbox 0 0 2456 4016; ppageno 0'>
   <div class='ocr_carea' id='block_1_1' title="bbox 412 321 2253 1122">
    <p class='ocr_par' dir='ltr' id='par_1_1' title="bbox 412 321 2246 483">
     <span class='ocr_line' id='line_1_1' title="bbox 412 321 2246 393; baseline -0.001 -16"><span class='ocrx_word' id='word_1_1' title='bbox 412 322 717 393; x_wconf 86' lang='lat' dir='ltr'>procedere</span> <span class='ocrx_word' id='word_1_2' title='bbox 767 321 825 375; x_wconf 93' lang='lat' dir='ltr'>in</span> <span class='ocrx_word' id='word_1_3' title='bbox 875 321 1173 392; x_wconf 88' lang='lat' dir='ltr'>hypothesi</span> <span class='ocrx_word' id='word_1_4' title='bbox 1225 321 1418 391; x_wconf 86' lang='lat' dir='ltr'>anguli</span> <span class='ocrx_word' id='word_1_5' title='bbox 1469 321 1634 386; x_wconf 85' lang='lat' dir='ltr'>acuti,</span> <span class='ocrx_word' id='word_1_6' title='bbox 1688 331 1909 376; x_wconf 89' lang='lat' dir='ltr'>constat</span> <span class='ocrx_word' id='word_1_7' title='bbox 1958 340 2033 376; x_wconf 87' lang='lat' dir='ltr'>ex</span> <span class='ocrx_word' id='word_1_8' title='bbox 2082 321 2246 377; x_wconf 86' lang='lat' dir='ltr'>dictis</span> 
     </span>
     <span class='ocr_line' id='line_1_2' title="bbox 413 431 599 483; baseline -0.005 -15"><span class='ocrx_word' id='word_1_9' title='bbox 413 431 599 483; x_wconf 86' lang='lat' dir='ltr'>supra.</span> 
     </span>
    </p>

    <p class='ocr_par' dir='ltr' id='par_1_2' title="bbox 413 502 2250 849">
     <span class='ocr_line' id='line_1_3' title="bbox 486 502 2249 575; baseline -0.001 -17"><span class='ocrx_word' id='word_1_10' title='bbox 486 549 488 551; x_wconf 94' lang='lat'>.</span> <span class='ocrx_word' id='word_1_11' title='bbox 530 504 624 558; x_wconf 83' lang='lat' dir='ltr'>Ex</span> <span class='ocrx_word' id='word_1_12' title='bbox 654 505 762 558; x_wconf 92' lang='lat' dir='ltr'>hoc</span> <span class='ocrx_word' id='word_1_13' title='bbox 791 503 966 575; x_wconf 86' lang='lat' dir='ltr'>igitur</span> <span class='ocrx_word' id='word_1_14' title='bbox 999 502 1245 567; x_wconf 86' lang='lat' dir='ltr'>Scholi0‚</span> <span class='ocrx_word' id='word_1_15' title='bbox 1279 512 1335 558; x_wconf 92' lang='lat' dir='ltr'>et</span> <span class='ocrx_word' id='word_1_16' title='bbox 1364 521 1438 558; x_wconf 81' lang='lat' dir='ltr'>ex</span> <span class='ocrx_word' id='word_1_17' title='bbox 1467 503 1646 559; x_wconf 89' lang='lat' dir='ltr'>altero</span> <span class='ocrx_word' id='word_1_18' title='bbox 1676 512 1805 574; x_wconf 90' lang='lat' dir='ltr'>post</span> <span class='ocrx_word' id='word_1_19' title='bbox 1840 504 1924 559; x_wconf 86' lang='lat'>13.</span> <span class='ocrx_word' id='word_1_20' title='bbox 1958 503 2133 574; x_wconf 86' lang='lat' dir='ltr'>hujus</span> <span class='ocrx_word' id='word_1_21' title='bbox 2164 503 2249 558; x_wconf 90' lang='lat' dir='ltr'>in-</span> 
     </span>
     <span class='ocr_line' id='line_1_4' title="bbox 413 594 2250 667; baseline -0.001 -17"><span class='ocrx_word' id='word_1_22' title='bbox 413 594 589 667; x_wconf 86' lang='lat' dir='ltr'>telligi</span> <span class='ocrx_word' id='word_1_23' title='bbox 618 603 819 665; x_wconf 90' lang='lat' dir='ltr'>potest,</span> <span class='ocrx_word' id='word_1_24' title='bbox 849 594 1136 650; x_wconf 88' lang='lat' dir='ltr'>diversam</span> <span class='ocrx_word' id='word_1_25' title='bbox 1162 594 1326 664; x_wconf 90' lang='lat' dir='ltr'>plane</span> <span class='ocrx_word' id='word_1_26' title='bbox 1351 594 1506 649; x_wconf 91' lang='lat' dir='ltr'>viam</span> <span class='ocrx_word' id='word_1_27' title='bbox 1533 594 1663 649; x_wconf 88' lang='lat' dir='ltr'>iniri</span> <span class='ocrx_word' id='word_1_28' title='bbox 1692 594 1951 650; x_wconf 88' lang='lat' dir='ltr'>debuisse</span> <span class='ocrx_word' id='word_1_29' title='bbox 1977 595 2051 650; x_wconf 87' lang='lat' dir='ltr'>ad</span> <span class='ocrx_word' id='word_1_30' title='bbox 2079 595 2250 651; x_wconf 80' lang='lat' dir='ltr'>refel-</span> 
     </span>
     <span class='ocr_line' id='line_1_5' title="bbox 413 685 2248 757; baseline 0 -17"><span class='ocrx_word' id='word_1_31' title='bbox 413 687 641 742; x_wconf 87' lang='lat' dir='ltr'>lendam</span> <span class='ocrx_word' id='word_1_32' title='bbox 666 695 947 756; x_wconf 88' lang='lat' dir='ltr'>utranque</span> <span class='ocrx_word' id='word_1_33' title='bbox 979 685 1187 740; x_wconf 81' lang='lat' dir='ltr'>falsam</span> <span class='ocrx_word' id='word_1_34' title='bbox 1214 685 1590 757; x_wconf 85' lang='lat' dir='ltr'>hypothesim,</span> <span class='ocrx_word' id='word_1_35' title='bbox 1619 704 1795 741; x_wconf 87' lang='lat' dir='ltr'>unam</span> <span class='ocrx_word' id='word_1_36' title='bbox 1823 685 2016 757; x_wconf 78' lang='lat' dir='ltr'>anguli</span> <span class='ocrx_word' id='word_1_37' title='bbox 2044 685 2248 751; x_wconf 88' lang='lat' dir='ltr'>obtusi,</span> 
     </span>
     <span class='ocr_line' id='line_1_6' title="bbox 415 776 1163 849; baseline -0.003 -17"><span class='ocrx_word' id='word_1_38' title='bbox 415 788 470 833; x_wconf 83' lang='lat' dir='ltr'>et</span> <span class='ocrx_word' id='word_1_39' title='bbox 501 778 739 833; x_wconf 88' lang='lat' dir='ltr'>alteram</span> <span class='ocrx_word' id='word_1_40' title='bbox 771 777 964 849; x_wconf 86' lang='lat' dir='ltr'>anguli</span> <span class='ocrx_word' id='word_1_41' title='bbox 997 776 1163 833; x_wconf 88' lang='lat' dir='ltr'>acuti.</span> 
     </span>
    </p>

    <p class='ocr_par' dir='ltr' id='par_1_3' title="bbox 416 867 2253 1122">
     <span class='ocr_line' id='line_1_7' title="bbox 535 867 2252 939; baseline 0.001 -16"><span class='ocrx_word' id='word_1_42' title='bbox 535 871 839 924; x_wconf 84' lang='lat' dir='ltr'>Praeterea</span> <span class='ocrx_word' id='word_1_43' title='bbox 884 868 1051 923; x_wconf 80' lang='lat' dir='ltr'>facile</span> <span class='ocrx_word' id='word_1_44' title='bbox 1094 867 1292 923; x_wconf 91' lang='lat' dir='ltr'>itidem</span> <span class='ocrx_word' id='word_1_45' title='bbox 1333 877 1419 922; x_wconf 91' lang='lat' dir='ltr'>est</span> <span class='ocrx_word' id='word_1_46' title='bbox 1460 887 1534 923; x_wconf 83' lang='lat' dir='ltr'>ex</span> <span class='ocrx_word' id='word_1_47' title='bbox 1576 868 1698 923; x_wconf 89' lang='lat' dir='ltr'>istis</span> <span class='ocrx_word' id='word_1_48' title='bbox 1742 868 2091 939; x_wconf 85' lang='lat' dir='ltr'>dignoscere,</span> <span class='ocrx_word' id='word_1_49' title='bbox 2136 887 2252 924; x_wconf 92' lang='lat' dir='ltr'>non</span> 
     </span>
     <span class='ocr_line' id='line_1_8' title="bbox 417 959 2253 1030; baseline 0 -15"><span class='ocrx_word' id='word_1_50' title='bbox 417 960 526 1016; x_wconf 89' lang='lat' dir='ltr'>nisi</span> <span class='ocrx_word' id='word_1_51' title='bbox 572 969 785 1015; x_wconf 89' lang='lat' dir='ltr'>rectam</span> <span class='ocrx_word' id='word_1_52' title='bbox 831 959 1039 1014; x_wconf 91' lang='lat' dir='ltr'>lineam</span> <span class='ocrx_word' id='word_1_53' title='bbox 1086 960 1192 1016; x_wconf 89' lang='lat' dir='ltr'>CD</span> <span class='ocrx_word' id='word_1_54' title='bbox 1238 977 1361 1014; x_wconf 86' lang='lat' dir='ltr'>esse</span> <span class='ocrx_word' id='word_1_55' title='bbox 1408 976 1589 1029; x_wconf 91' lang='lat' dir='ltr'>posse,</span> <span class='ocrx_word' id='word_1_56' title='bbox 1637 977 1782 1030; x_wconf 88' lang='lat' dir='ltr'>quae</span> <span class='ocrx_word' id='word_1_57' title='bbox 1827 959 2089 1015; x_wconf 88' lang='lat' dir='ltr'>omnibus</span> <span class='ocrx_word' id='word_1_58' title='bbox 2136 960 2253 1016; x_wconf 89' lang='lat' dir='ltr'>suis</span> 
     </span>
     <span class='ocr_line' id='line_1_9' title="bbox 416 1048 2162 1122; baseline -0.003 -15"><span class='ocrx_word' id='word_1_59' title='bbox 416 1052 638 1122; x_wconf 89' lang='lat' dir='ltr'>punctis</span> <span class='ocrx_word' id='word_1_60' title='bbox 668 1051 1006 1121; x_wconf 88' lang='lat' dir='ltr'>aequidistet</span> <span class='ocrx_word' id='word_1_61' title='bbox 1034 1050 1104 1106; x_wconf 89' lang='lat' dir='ltr'>ab</span> <span class='ocrx_word' id='word_1_62' title='bbox 1132 1069 1198 1105; x_wconf 86' lang='lat' dir='ltr'>ea</span> <span class='ocrx_word' id='word_1_63' title='bbox 1227 1050 1519 1120; x_wconf 86' lang='lat' dir='ltr'>supposita</span> <span class='ocrx_word' id='word_1_64' title='bbox 1548 1059 1699 1105; x_wconf 88' lang='lat' dir='ltr'>recta</span> <span class='ocrx_word' id='word_1_65' title='bbox 1727 1050 1876 1106; x_wconf 89' lang='lat' dir='ltr'>linea</span> <span class='ocrx_word' id='word_1_66' title='bbox 1905 1051 2027 1105; x_wconf 84' lang='lat' dir='ltr'>AB.</span> <span class='ocrx_word' id='word_1_67' title='bbox 2066 1048 2162 1102; x_wconf 89' lang='grc'>[97]</span> 
     </span>
    </p>
   </div>
   <div class='ocr_carea' id='block_1_2' title="bbox 1001 1228 1667 1276">
    <p class='ocr_par' dir='ltr' id='par_1_4' title="bbox 1001 1228 1667 1276">
     <span class='ocr_line' id='line_1_10' title="bbox 1001 1228 1667 1276; baseline 0.005 -3"><span class='ocrx_word' id='word_1_68' title='bbox 1001 1228 1404 1275; x_wconf 91' lang='lat' dir='ltr'><strong>PROPOSITIO</strong></span> <span class='ocrx_word' id='word_1_69' title='bbox 1438 1229 1667 1276; x_wconf 91' lang='lat' dir='ltr'><strong>XXXIX.</strong></span> 
     </span>
    </p>
   </div>
   <div class='ocr_carea' id='block_1_3' title="bbox 419 1333 2259 1592">
    <p class='ocr_par' dir='ltr' id='par_1_5' title="bbox 419 1333 2259 1592">
     <span class='ocr_line' id='line_1_11' title="bbox 419 1333 2258 1404; baseline 0 -12"><span class='ocrx_word' id='word_1_70' title='bbox 419 1337 466 1392; x_wconf 79' lang='lat' dir='ltr'><em>S</em></span> <span class='ocrx_word' id='word_1_71' title='bbox 467 1335 487 1390; x_wconf 88' lang='lat' dir='ltr'>i</span> <span class='ocrx_word' id='word_1_72' title='bbox 515 1335 576 1391; x_wconf 75' lang='lat' dir='ltr'>in</span> <span class='ocrx_word' id='word_1_73' title='bbox 606 1333 751 1392; x_wconf 66' lang='lat' dir='ltr'>ducis</span> <span class='ocrx_word' id='word_1_74' title='bbox 780 1345 964 1393; x_wconf 77' lang='lat' dir='ltr'>rectas</span> <span class='ocrx_word' id='word_1_75' title='bbox 994 1337 1173 1393; x_wconf 71' lang='lat' dir='ltr'>lineas</span> <span class='ocrx_word' id='word_1_76' title='bbox 1203 1339 1383 1393; x_wconf 78' lang='lat' dir='ltr'>altera</span> <span class='ocrx_word' id='word_1_77' title='bbox 1411 1346 1566 1394; x_wconf 80' lang='lat' dir='ltr'>recta</span> <span class='ocrx_word' id='word_1_78' title='bbox 1594 1336 1865 1404; x_wconf 77' lang='lat' dir='ltr'>incidenS,</span> <span class='ocrx_word' id='word_1_79' title='bbox 1898 1336 2154 1393; x_wconf 78' lang='lat' dir='ltr'>internos</span> <span class='ocrx_word' id='word_1_80' title='bbox 2183 1337 2258 1393; x_wconf 85' lang='lat' dir='ltr'>ad</span> 
     </span>
     <span class='ocr_line' id='line_1_12' title="bbox 576 1427 2259 1500; baseline 0.001 -17"><span class='ocrx_word' id='word_1_81' title='bbox 576 1430 914 1500; x_wconf 80' lang='lat' dir='ltr'>easdemque</span> <span class='ocrx_word' id='word_1_82' title='bbox 943 1437 1136 1499; x_wconf 79' lang='lat' dir='ltr'>partes</span> <span class='ocrx_word' id='word_1_83' title='bbox 1165 1431 1408 1499; x_wconf 75' lang='lat' dir='ltr'>anyulos</span> <span class='ocrx_word' id='word_1_84' title='bbox 1437 1430 1660 1485; x_wconf 82' lang='lat' dir='ltr'>duobus</span> <span class='ocrx_word' id='word_1_85' title='bbox 1689 1427 1858 1485; x_wconf 77' lang='lat' dir='ltr'>rectis</span> <span class='ocrx_word' id='word_1_86' title='bbox 1887 1428 2137 1485; x_wconf 81' lang='lat' dir='ltr'>minores</span> <span class='ocrx_word' id='word_1_87' title='bbox 2166 1429 2259 1500; x_wconf 74' lang='lat' dir='ltr'>fa-</span> 
     </span>
     <span class='ocr_line' id='line_1_13' title="bbox 575 1519 2259 1592; baseline 0.001 -17"><span class='ocrx_word' id='word_1_88' title='bbox 575 1519 702 1586; x_wconf 83' lang='lat' dir='ltr'>ciat,</span> <span class='ocrx_word' id='word_1_89' title='bbox 742 1522 889 1576; x_wconf 82' lang='lat' dir='ltr'>duae</span> <span class='ocrx_word' id='word_1_90' title='bbox 924 1521 1054 1576; x_wconf 80' lang='lat' dir='ltr'>illae</span> <span class='ocrx_word' id='word_1_91' title='bbox 1090 1529 1276 1576; x_wconf 79' lang='lat' dir='ltr'>rectae</span> <span class='ocrx_word' id='word_1_92' title='bbox 1314 1520 1494 1576; x_wconf 77' lang='lat' dir='ltr'>lineae</span> <span class='ocrx_word' id='word_1_93' title='bbox 1530 1521 1592 1577; x_wconf 80' lang='lat' dir='ltr'>in</span> <span class='ocrx_word' id='word_1_94' title='bbox 1628 1520 1913 1592; x_wconf 78' lang='lat' dir='ltr'>infinitum</span> <span class='ocrx_word' id='word_1_95' title='bbox 1949 1521 2259 1591; x_wconf 80' lang='lat' dir='ltr'>productae</span> 
     </span>
    </p>
   </div>
   <div class='ocr_carea' id='block_1_4' title="bbox 574 1610 2261 1760">
    <p class='ocr_par' dir='ltr' id='par_1_6' title="bbox 574 1610 2261 1760">
     <span class='ocr_line' id='line_1_14' title="bbox 574 1610 2261 1684; baseline -0.001 -17"><span class='ocrx_word' id='word_1_96' title='bbox 574 1611 684 1667; x_wconf 79' lang='lat' dir='ltr'>sibi</span> <span class='ocrx_word' id='word_1_97' title='bbox 723 1620 921 1668; x_wconf 79' lang='lat' dir='ltr'>mutuo</span> <span class='ocrx_word' id='word_1_98' title='bbox 964 1610 1215 1668; x_wconf 79' lang='lat' dir='ltr'>incident</span> <span class='ocrx_word' id='word_1_99' title='bbox 1255 1614 1328 1668; x_wconf 84' lang='lat' dir='ltr'>ad</span> <span class='ocrx_word' id='word_1_100' title='bbox 1370 1632 1466 1668; x_wconf 79' lang='lat' dir='ltr'>eas</span> <span class='ocrx_word' id='word_1_101' title='bbox 1504 1621 1711 1683; x_wconf 79' lang='lat' dir='ltr'>parteS,</span> <span class='ocrx_word' id='word_1_102' title='bbox 1754 1611 1852 1667; x_wconf 76' lang='lat' dir='ltr'>ubi</span> <span class='ocrx_word' id='word_1_103' title='bbox 1890 1620 2025 1667; x_wconf 81' lang='lat' dir='ltr'>sunt</span> <span class='ocrx_word' id='word_1_104' title='bbox 2065 1610 2261 1684; x_wconf 61' lang='lat' dir='ltr'>anguli</span> 
     </span>
     <span class='ocr_line' id='line_1_15' title="bbox 577 1702 1298 1760; baseline 0 -1"><span class='ocrx_word' id='word_1_105' title='bbox 577 1704 800 1759; x_wconf 81' lang='lat' dir='ltr'>duobus</span> <span class='ocrx_word' id='word_1_106' title='bbox 830 1702 1001 1760; x_wconf 79' lang='lat' dir='ltr'>rectis</span> <span class='ocrx_word' id='word_1_107' title='bbox 1032 1703 1298 1759; x_wconf 79' lang='lat' dir='ltr'>minores,</span> 
     </span>
    </p>
   </div>
   <div class='ocr_carea' id='block_1_5' title="bbox 426 1837 2280 3191">
    <p class='ocr_par' dir='ltr' id='par_1_7' title="bbox 426 1837 2280 3191">
     <span class='ocr_line' id='line_1_16' title="bbox 542 1837 2263 1908; baseline 0.001 -17"><span class='ocrx_word' id='word_1_108' title='bbox 542 1837 619 1892; x_wconf 89' lang='lat' dir='ltr'>Et</span> <span class='ocrx_word' id='word_1_109' title='bbox 663 1838 771 1892; x_wconf 94' lang='lat' dir='ltr'>hoc</span> <span class='ocrx_word' id='word_1_110' title='bbox 814 1845 900 1893; x_wconf 95' lang='lat' dir='ltr'>est</span> <span class='ocrx_word' id='word_1_111' title='bbox 944 1846 1145 1893; x_wconf 88' lang='lat' dir='ltr'>notum</span> <span class='ocrx_word' id='word_1_112' title='bbox 1190 1837 1330 1893; x_wconf 86' lang='lat' dir='ltr'>illud</span> <span class='ocrx_word' id='word_1_113' title='bbox 1376 1837 1629 1893; x_wconf 85' lang='lat' dir='ltr'>Axioma</span> <span class='ocrx_word' id='word_1_114' title='bbox 1674 1837 2061 1902; x_wconf 89' lang='lat' dir='ltr'>Euclidaeum‚</span> <span class='ocrx_word' id='word_1_115' title='bbox 2110 1837 2263 1908; x_wconf 88' lang='lat' dir='ltr'>quod</span> 
     </span>
     <span class='ocr_line' id='line_1_17' title="bbox 426 1928 2266 2000; baseline 0.001 -17"><span class='ocrx_word' id='word_1_116' title='bbox 426 1930 657 1984; x_wconf 85' lang='lat' dir='ltr'>tandem</span> <span class='ocrx_word' id='word_1_117' title='bbox 703 1928 959 1984; x_wconf 86' lang='lat' dir='ltr'>absolute</span> <span class='ocrx_word' id='word_1_118' title='bbox 1027 1929 1535 1985; x_wconf 86' lang='lat' dir='ltr'>demonstrandum</span> <span class='ocrx_word' id='word_1_119' title='bbox 1603 1928 1862 2000; x_wconf 81' lang='lat' dir='ltr'>suscipio,</span> <span class='ocrx_word' id='word_1_120' title='bbox 1954 1929 2050 1985; x_wconf 89' lang='lat' dir='ltr'>Ad</span> <span class='ocrx_word' id='word_1_121' title='bbox 2116 1930 2266 1985; x_wconf 88' lang='lat' dir='ltr'>hunc</span> 
     </span>
     <span class='ocr_line' id='line_1_18' title="bbox 428 2020 2266 2092; baseline -0.001 -17"><span class='ocrx_word' id='word_1_122' title='bbox 428 2030 619 2076; x_wconf 86' lang='lat' dir='ltr'>autem</span> <span class='ocrx_word' id='word_1_123' title='bbox 657 2020 828 2075; x_wconf 91' lang='lat' dir='ltr'>finem</span> <span class='ocrx_word' id='word_1_124' title='bbox 865 2021 1002 2076; x_wconf 89' lang='lat' dir='ltr'>satis</span> <span class='ocrx_word' id='word_1_125' title='bbox 1040 2021 1149 2076; x_wconf 88' lang='lat' dir='ltr'>erit</span> <span class='ocrx_word' id='word_1_126' title='bbox 1188 2021 1433 2076; x_wconf 88' lang='lat' dir='ltr'>recolere</span> <span class='ocrx_word' id='word_1_127' title='bbox 1471 2021 1772 2076; x_wconf 89' lang='lat' dir='ltr'>nonnullas</span> <span class='ocrx_word' id='word_1_128' title='bbox 1811 2021 2266 2092; x_wconf 89' lang='lat' dir='ltr'>praecedentium</span> 
     </span>
     <span class='ocr_line' id='line_1_19' title="bbox 430 2112 2267 2183; baseline 0 -16"><span class='ocrx_word' id='word_1_129' title='bbox 430 2112 1016 2168; x_wconf 85' lang='lat' dir='ltr'>Demonstrationum.</span> <span class='ocrx_word' id='word_1_130' title='bbox 1068 2112 1268 2183; x_wconf 88' lang='lat' dir='ltr'>Itaque</span> <span class='ocrx_word' id='word_1_131' title='bbox 1295 2112 1354 2167; x_wconf 91' lang='lat' dir='ltr'>in</span> <span class='ocrx_word' id='word_1_132' title='bbox 1380 2112 1521 2168; x_wconf 90' lang='lat' dir='ltr'>meis</span> <span class='ocrx_word' id='word_1_133' title='bbox 1551 2112 2059 2183; x_wconf 81' lang='lat' dir='ltr'>PropositionibuS,</span> <span class='ocrx_word' id='word_1_134' title='bbox 2089 2130 2267 2182; x_wconf 90' lang='lat' dir='ltr'>usque</span> 
     </span>
     <span class='ocr_line' id='line_1_20' title="bbox 430 2203 2270 2275; baseline -0.001 -15"><span class='ocrx_word' id='word_1_135' title='bbox 430 2206 503 2260; x_wconf 87' lang='lat' dir='ltr'>ad</span> <span class='ocrx_word' id='word_1_136' title='bbox 530 2204 667 2260; x_wconf 90' lang='lat' dir='ltr'><strong>VII.</strong></span> <span class='ocrx_word' id='word_1_137' title='bbox 699 2204 874 2275; x_wconf 87' lang='lat' dir='ltr'>hujus</span> <span class='ocrx_word' id='word_1_138' title='bbox 903 2204 1191 2269; x_wconf 90' lang='lat' dir='ltr'>inclusive,</span> <span class='ocrx_word' id='word_1_139' title='bbox 1222 2213 1337 2260; x_wconf 91' lang='lat' dir='ltr'>tres</span> <span class='ocrx_word' id='word_1_140' title='bbox 1366 2203 1579 2259; x_wconf 87' lang='lat' dir='ltr'>secrevi</span> <span class='ocrx_word' id='word_1_141' title='bbox 1608 2204 1946 2275; x_wconf 89' lang='lat' dir='ltr'>hypotheses</span> <span class='ocrx_word' id='word_1_142' title='bbox 1974 2204 2123 2260; x_wconf 86' lang='lat' dir='ltr'>circa</span> <span class='ocrx_word' id='word_1_143' title='bbox 2153 2222 2270 2259; x_wconf 88' lang='lat' dir='ltr'>ree-</span> 
     </span>
     <span class='ocr_line' id='line_1_21' title="bbox 431 2295 2271 2368; baseline -0.001 -17"><span class='ocrx_word' id='word_1_144' title='bbox 431 2306 549 2351; x_wconf 87' lang='lat' dir='ltr'>tam</span> <span class='ocrx_word' id='word_1_145' title='bbox 588 2296 925 2368; x_wconf 84' lang='lat' dir='ltr'>jungentem</span> <span class='ocrx_word' id='word_1_146' title='bbox 961 2305 1220 2351; x_wconf 83' lang='lat' dir='ltr'>extrema</span> <span class='ocrx_word' id='word_1_147' title='bbox 1257 2304 1466 2366; x_wconf 90' lang='lat' dir='ltr'>puncta</span> <span class='ocrx_word' id='word_1_148' title='bbox 1503 2296 1747 2351; x_wconf 89' lang='lat' dir='ltr'>duorum</span> <span class='ocrx_word' id='word_1_149' title='bbox 1786 2295 2108 2366; x_wconf 81' lang='lat' dir='ltr'>aequalium</span> <span class='ocrx_word' id='word_1_150' title='bbox 2145 2314 2271 2366; x_wconf 87' lang='lat' dir='ltr'>per-</span> 
     </span>
     <span class='ocr_line' id='line_1_22' title="bbox 433 2386 2271 2458; baseline -0.001 -15"><span class='ocrx_word' id='word_1_151' title='bbox 433 2388 880 2458; x_wconf 87' lang='lat' dir='ltr'>pendiculorum,</span> <span class='ocrx_word' id='word_1_152' title='bbox 921 2406 1064 2458; x_wconf 88' lang='lat' dir='ltr'>quae</span> <span class='ocrx_word' id='word_1_153' title='bbox 1102 2387 1201 2443; x_wconf 91' lang='lat' dir='ltr'>uni</span> <span class='ocrx_word' id='word_1_154' title='bbox 1239 2387 1466 2442; x_wconf 88' lang='lat' dir='ltr'>cuidam</span> <span class='ocrx_word' id='word_1_155' title='bbox 1505 2395 1704 2451; x_wconf 89' lang='lat' dir='ltr'>rectae,</span> <span class='ocrx_word' id='word_1_156' title='bbox 1747 2405 1919 2457; x_wconf 89' lang='lat' dir='ltr'>quam</span> <span class='ocrx_word' id='word_1_157' title='bbox 1955 2386 2136 2442; x_wconf 87' lang='lat' dir='ltr'>basim</span> <span class='ocrx_word' id='word_1_158' title='bbox 2174 2404 2271 2457; x_wconf 89' lang='lat' dir='ltr'>ap-</span> 
     </span>
     <span class='ocr_line' id='line_1_23' title="bbox 433 2477 2273 2550; baseline -0.001 -16"><span class='ocrx_word' id='word_1_159' title='bbox 433 2480 598 2549; x_wconf 88' lang='lat' dir='ltr'>pe110,</span> <span class='ocrx_word' id='word_1_160' title='bbox 639 2479 697 2534; x_wconf 92' lang='lat' dir='ltr'>in</span> <span class='ocrx_word' id='word_1_161' title='bbox 735 2480 937 2541; x_wconf 89' lang='lat' dir='ltr'>eodem</span> <span class='ocrx_word' id='word_1_162' title='bbox 974 2478 1144 2549; x_wconf 91' lang='lat' dir='ltr'>plano</span> <span class='ocrx_word' id='word_1_163' title='bbox 1182 2477 1460 2533; x_wconf 83' lang='lat' dir='ltr'>insistant.</span> <span class='ocrx_word' id='word_1_164' title='bbox 1544 2480 1729 2533; x_wconf 89' lang='lat' dir='ltr'>Porro</span> <span class='ocrx_word' id='word_1_165' title='bbox 1767 2478 1915 2533; x_wconf 90' lang='lat' dir='ltr'>circa</span> <span class='ocrx_word' id='word_1_166' title='bbox 1954 2479 2056 2533; x_wconf 90' lang='lat' dir='ltr'>has</span> <span class='ocrx_word' id='word_1_167' title='bbox 2095 2480 2273 2550; x_wconf 91' lang='lat' dir='ltr'>hypo-</span> 
     </span>
     <span class='ocr_line' id='line_1_24' title="bbox 433 2569 2273 2643; baseline -0.001 -17"><span class='ocrx_word' id='word_1_168' title='bbox 433 2572 621 2626; x_wconf 90' lang='lat' dir='ltr'>theses</span> <span class='ocrx_word' id='word_1_169' title='bbox 657 2570 829 2643; x_wconf 86' lang='lat' dir='ltr'>(quas</span> <span class='ocrx_word' id='word_1_170' title='bbox 856 2569 1098 2625; x_wconf 90' lang='lat' dir='ltr'>invicem</span> <span class='ocrx_word' id='word_1_171' title='bbox 1123 2588 1354 2625; x_wconf 87' lang='lat' dir='ltr'>secerno</span> <span class='ocrx_word' id='word_1_172' title='bbox 1381 2588 1454 2624; x_wconf 82' lang='lat' dir='ltr'>ex</span> <span class='ocrx_word' id='word_1_173' title='bbox 1481 2569 1663 2639; x_wconf 90' lang='lat' dir='ltr'>specie</span> <span class='ocrx_word' id='word_1_174' title='bbox 1689 2569 2046 2640; x_wconf 86' lang='lat' dir='ltr'>angulorum,</span> <span class='ocrx_word' id='word_1_175' title='bbox 2076 2570 2171 2640; x_wconf 89' lang='lat' dir='ltr'>qui</span> <span class='ocrx_word' id='word_1_176' title='bbox 2200 2570 2273 2625; x_wconf 85' lang='lat' dir='ltr'>ad</span> 
     </span>
     <span class='ocr_line' id='line_1_25' title="bbox 436 2660 2275 2734; baseline -0.002 -16"><span class='ocrx_word' id='word_1_177' title='bbox 436 2681 563 2718; x_wconf 87' lang='lat' dir='ltr'>eam</span> <span class='ocrx_word' id='word_1_178' title='bbox 591 2662 928 2734; x_wconf 86' lang='lat' dir='ltr'>jungentem</span> <span class='ocrx_word' id='word_1_179' title='bbox 959 2661 1079 2716; x_wconf 90' lang='lat' dir='ltr'>fieri</span> <span class='ocrx_word' id='word_1_180' title='bbox 1110 2660 1475 2730; x_wconf 88' lang='lat' dir='ltr'>censeantur)</span> <span class='ocrx_word' id='word_1_181' title='bbox 1516 2661 1846 2716; x_wconf 88' lang='lat' dir='ltr'>demonstro</span> <span class='ocrx_word' id='word_1_182' title='bbox 1876 2680 2049 2717; x_wconf 89' lang='lat' dir='ltr'>unam</span> <span class='ocrx_word' id='word_1_183' title='bbox 2077 2679 2275 2732; x_wconf 86' lang='lat' dir='ltr'>quam-</span> 
     </span>
     <span class='ocr_line' id='line_1_26' title="bbox 438 2752 2272 2824; baseline -0.001 -16"><span class='ocrx_word' id='word_1_184' title='bbox 438 2754 572 2811; x_wconf 91' lang='lat' dir='ltr'>libet</span> <span class='ocrx_word' id='word_1_185' title='bbox 604 2771 817 2819; x_wconf 84' lang='lat' dir='ltr'>earum,</span> <span class='ocrx_word' id='word_1_186' title='bbox 852 2752 1124 2808; x_wconf 89' lang='lat' dir='ltr'>nimirum</span> <span class='ocrx_word' id='word_1_187' title='bbox 1157 2761 1255 2808; x_wconf 89' lang='lat' dir='ltr'>aut</span> <span class='ocrx_word' id='word_1_188' title='bbox 1289 2752 1482 2823; x_wconf 88' lang='lat' dir='ltr'>anguli</span> <span class='ocrx_word' id='word_1_189' title='bbox 1519 2752 1671 2817; x_wconf 91' lang='lat' dir='ltr'>recti,</span> <span class='ocrx_word' id='word_1_190' title='bbox 1710 2761 1808 2808; x_wconf 91' lang='lat' dir='ltr'>aut</span> <span class='ocrx_word' id='word_1_191' title='bbox 1841 2752 2034 2824; x_wconf 90' lang='lat' dir='ltr'>anguli</span> <span class='ocrx_word' id='word_1_192' title='bbox 2069 2752 2272 2817; x_wconf 89' lang='lat' dir='ltr'>obtusi,</span> 
     </span>
     <span class='ocr_line' id='line_1_27' title="bbox 439 2843 2275 2917; baseline -0.001 -15"><span class='ocrx_word' id='word_1_193' title='bbox 439 2855 539 2902; x_wconf 86' lang='lat' dir='ltr'>aut</span> <span class='ocrx_word' id='word_1_194' title='bbox 568 2846 762 2917; x_wconf 85' lang='lat' dir='ltr'>anguli</span> <span class='ocrx_word' id='word_1_195' title='bbox 793 2844 960 2910; x_wconf 87' lang='lat' dir='ltr'>acuti,</span> <span class='ocrx_word' id='word_1_196' title='bbox 994 2844 1040 2899; x_wconf 92' lang='lat' dir='ltr'>si</span> <span class='ocrx_word' id='word_1_197' title='bbox 1071 2844 1160 2900; x_wconf 88' lang='lat' dir='ltr'>vel</span> <span class='ocrx_word' id='word_1_198' title='bbox 1192 2843 1250 2898; x_wconf 91' lang='lat' dir='ltr'>in</span> <span class='ocrx_word' id='word_1_199' title='bbox 1282 2862 1397 2899; x_wconf 86' lang='lat' dir='ltr'>uno</span> <span class='ocrx_word' id='word_1_200' title='bbox 1427 2861 1562 2899; x_wconf 90' lang='lat' dir='ltr'>casu</span> <span class='ocrx_word' id='word_1_201' title='bbox 1593 2843 1666 2898; x_wconf 91' lang='lat' dir='ltr'>sit</span> <span class='ocrx_word' id='word_1_202' title='bbox 1695 2862 1846 2908; x_wconf 88' lang='lat' dir='ltr'>vera,</span> <span class='ocrx_word' id='word_1_203' title='bbox 1882 2862 2102 2914; x_wconf 87' lang='lat' dir='ltr'>semper</span> <span class='ocrx_word' id='word_1_204' title='bbox 2130 2853 2187 2900; x_wconf 89' lang='lat' dir='ltr'>et</span> <span class='ocrx_word' id='word_1_205' title='bbox 2218 2844 2275 2899; x_wconf 91' lang='lat' dir='ltr'>in</span> 
     </span>
     <span class='ocr_line' id='line_1_28' title="bbox 438 2934 2277 2993; baseline -0.001 0"><span class='ocrx_word' id='word_1_206' title='bbox 438 2937 595 2993; x_wconf 90' lang='lat' dir='ltr'>omni</span> <span class='ocrx_word' id='word_1_207' title='bbox 619 2955 754 2993; x_wconf 90' lang='lat' dir='ltr'>casu</span> <span class='ocrx_word' id='word_1_208' title='bbox 777 2936 933 2992; x_wconf 87' lang='lat' dir='ltr'>illam</span> <span class='ocrx_word' id='word_1_209' title='bbox 956 2935 1137 2991; x_wconf 85' lang='lat' dir='ltr'>solam</span> <span class='ocrx_word' id='word_1_210' title='bbox 1160 2953 1283 2991; x_wconf 88' lang='lat' dir='ltr'>esse</span> <span class='ocrx_word' id='word_1_211' title='bbox 1305 2953 1516 2990; x_wconf 86' lang='lat' dir='ltr'>veram.</span> <span class='ocrx_word' id='word_1_212' title='bbox 1583 2936 1735 2991; x_wconf 88' lang='lat' dir='ltr'>Turn</span> <span class='ocrx_word' id='word_1_213' title='bbox 1759 2934 1818 2989; x_wconf 90' lang='lat' dir='ltr'>in</span> <span class='ocrx_word' id='word_1_214' title='bbox 1842 2934 2010 2990; x_wconf 86' lang='lat' dir='ltr'><strong>XIII.</strong></span> <span class='ocrx_word' id='word_1_215' title='bbox 2038 2936 2277 2991; x_wconf 91' lang='lat' dir='ltr'>ostendo</span> 
     </span>
     <span class='ocr_line' id='line_1_29' title="bbox 442 3013 2279 3091; baseline -0.001 -6"><span class='ocrx_word' id='word_1_216' title='bbox 442 3029 821 3085; x_wconf 88' lang='lat' dir='ltr'>universalem</span> <span class='ocrx_word' id='word_1_217' title='bbox 858 3027 1157 3084; x_wconf 85' lang='lat' dir='ltr'>veritatem</span> <span class='ocrx_word' id='word_1_218' title='bbox 1196 3026 1523 3082; x_wconf 84' lang='lat' dir='ltr'>Axiomatis</span> <span class='ocrx_word' id='word_1_219' title='bbox 1561 3026 1929 3091; x_wconf 88' lang='lat' dir='ltr'>controversi,</span> <span class='ocrx_word' id='word_1_220' title='bbox 1971 3027 2109 3083; x_wconf 91' lang='lat' dir='ltr'>dum</span> <span class='ocrx_word' id='word_1_221' title='bbox 2146 3013 2279 3083; x_wconf 87' lang='lat' dir='ltr'>con-</span> 
     </span>
     <span class='ocr_line' id='line_1_30' title="bbox 443 3117 2280 3191; baseline 0.001 -16"><span class='ocrx_word' id='word_1_222' title='bbox 443 3121 606 3177; x_wconf 87' lang='lat' dir='ltr'>sistat</span> <span class='ocrx_word' id='word_1_223' title='bbox 635 3120 910 3177; x_wconf 85' lang='lat' dir='ltr'>alterutra</span> <span class='ocrx_word' id='word_1_224' title='bbox 935 3118 1264 3191; x_wconf 88' lang='lat' dir='ltr'>hypothesis</span> <span class='ocrx_word' id='word_1_225' title='bbox 1295 3127 1393 3174; x_wconf 87' lang='lat' dir='ltr'>aut</span> <span class='ocrx_word' id='word_1_226' title='bbox 1422 3117 1614 3190; x_wconf 81' lang='lat' dir='ltr'>anguli</span> <span class='ocrx_word' id='word_1_227' title='bbox 1646 3117 1800 3182; x_wconf 90' lang='lat' dir='ltr'>recti,</span> <span class='ocrx_word' id='word_1_228' title='bbox 1832 3127 1928 3173; x_wconf 88' lang='lat' dir='ltr'>aut</span> <span class='ocrx_word' id='word_1_229' title='bbox 1959 3118 2150 3190; x_wconf 82' lang='lat' dir='ltr'>anguli</span> <span class='ocrx_word' id='word_1_230' title='bbox 2181 3119 2280 3176; x_wconf 89' lang='lat' dir='ltr'>ob-</span> 
     </span>
    </p>
   </div>
  </div>
 </body>
</html>
