2456 4016
577 326 1030 385 Demonstratur.
1106 326 1166 385 Si
1195 329 1346 385 enim
1376 339 1526 386 recta
1556 332 1661 388 CD
1690 331 1938 403 aequalis
1968 331 2040 388 sit
2068 342 2288 388 contra-

459 420 675 491 positae
705 420 828 485 AB,
859 430 914 476 et
941 421 1309 477 nihilominus
1338 422 1531 493 anguli
1560 425 1632 478 ad
1661 425 1899 479 eandem
1928 424 2040 479 sint
2068 434 2166 480 aut
2193 426 2289 481 ob-

459 511 587 576 tusi,
624 521 721 567 aut
756 512 934 578 acuti;
968 512 1089 582 jam
1124 513 1228 582 ipsi
1264 513 1403 568 tales
1438 514 1630 585 anguli
1665 534 1790 570 eam
1825 516 2142 585 probabunt
2186 517 2289 588 (ex

458 604 858 673 praecedente)
905 623 1020 658 non
1056 605 1364 674 aequalem,
1405 606 1503 660 sed
1538 606 1834 670 minorem,
1875 615 1973 662 aut
2007 607 2289 677 majorem

458 695 843 765 contraposita
875 696 980 749 AB
998 715 1010 761 ;
1043 697 1195 765 quod
1228 705 1312 750 est
1344 696 1653 752 absurdum
1685 707 1882 752 contra
1914 691 2285 769 hypothesim.

459 785 620 841 Idem
654 787 1022 842 uniformiter
1056 788 1205 841 valet
1238 787 1387 842 circa
1421 788 1665 858 reliquos
1699 807 1876 844 casus.
1957 790 2082 845 Stat
2117 790 2289 861 igitur

458 878 697 948 angulos
729 880 801 933 ad
834 878 1090 948 junctam
1125 879 1230 934 CD
1263 897 1383 933 esse
1416 889 1513 934 aut
1546 889 1744 944 rectOS‚
1779 890 1877 935 aut
1909 880 2156 945 obtuSOS‚
2192 891 2288 937 aut

457 979 668 1033 acutos,
697 979 864 1039 prout
891 979 1043 1024 recta
1069 970 1173 1025 CD
1200 970 1447 1040 aequalis
1479 971 1668 1035 fuerit,
1697 981 1794 1027 aut
1817 972 2020 1036 minor,
2050 983 2146 1028 aut
2171 991 2289 1028 ma-

456 1060 551 1131 jor
586 1062 970 1131 contraposita
1009 1061 1129 1115 AB.
1210 1063 1381 1133 Quod
1419 1072 1539 1117 erat
1576 1064 2095 1119 demonstrandum.

1125 1227 1620 1273 DEFINITIONES.

571 1322 1050 1403 Quandoquidem
1084 1334 1187 1404 (ex
1216 1335 1398 1404 prima
1417 1336 1622 1406 hujus)
1651 1346 1800 1391 recta
1829 1337 2074 1408 jungens
2105 1347 2288 1393 extre-

454 1423 679 1479 mitates
716 1426 1035 1495 aequalium
1072 1427 1602 1496 perpendiculorum
1639 1428 1821 1482 eidem
1859 1438 2040 1483 rectae
2088 1430 2286 1500 (quam

455 1516 782 1571 vocabimus
831 1517 1042 1587 basim)
1099 1518 1494 1583 insistentium,
1546 1520 1806 1589 aequales
1854 1518 2143 1576 ef-[6lficit
2190 1540 2287 1575 an-

455 1607 618 1678 gulos
653 1626 781 1663 cum
816 1608 951 1678 ipsis
986 1610 1428 1679 perpendiculis;
1462 1620 1576 1665 tres
1612 1612 1822 1666 idcirco
1858 1612 2287 1683 distinguendae

454 1708 585 1754 sunt
612 1701 950 1770 hypotheses
976 1701 1124 1756 circa
1150 1702 1391 1770 speciem
1419 1704 1622 1757 horum
1650 1704 2003 1773 angulorum.
2076 1705 2150 1759 Et
2176 1704 2286 1774 pri-

453 1810 606 1846 mam
648 1792 875 1861 quidem
917 1793 1209 1862 appellabo
1251 1795 1609 1864 hypothesim
1650 1795 1842 1865 anguli
1886 1796 2050 1861 recti;
2094 1814 2285 1851 secun-

454 1884 586 1938 dam
615 1902 769 1948 vem,
803 1894 857 1939 et
887 1884 1114 1939 tertiam
1145 1886 1436 1955 appellabo
1468 1886 1826 1957 hypothesim
1858 1887 2048 1957 anguli
2082 1888 2283 1952 obtusi,

453 1983 507 2029 et
541 1975 899 2046 hypothesim
933 1976 1125 2047 anguli
1161 1977 1325 2032 acuti.

1124 2143 1526 2189 PROPOSITIO
1560 2144 1618 2190 V.

452 2247 517 2301 H
518 2247 810 2318 ypothesis
838 2251 1033 2321 anguli
1062 2250 1217 2316 recti,
1248 2250 1300 2306 si
1327 2253 1418 2306 vel
1446 2251 1507 2306 in
1535 2271 1648 2307 uno
1682 2271 1814 2307 casu
1846 2261 1929 2308 est
1957 2271 2110 2319 vera,
2141 2272 2284 2321 sem-

604 2349 708 2410 per
735 2339 794 2395 in
826 2341 981 2396 omni
1010 2360 1143 2396 casu
1171 2343 1267 2398 illa
1295 2344 1418 2398 sola
1448 2352 1531 2398 est
1559 2362 1709 2399 vera.

570 2474 1024 2530 Demonstratur.
1105 2476 1328 2531 Efficiat
1364 2476 1561 2546 juncta
1598 2478 1702 2534 CD
1749 2478 1872 2549 (fig.
1914 2479 2000 2549 4.)
2047 2479 2283 2551 angulOs

453 2574 635 2620 rectos
660 2584 788 2621 cum
813 2567 1033 2622 duobus
1059 2567 1347 2637 quibusvis
1374 2569 1699 2639 aequalibus
1724 2570 2134 2640 perpendiculis
2161 2571 2279 2626 AC.

453 2656 577 2721 BD,
608 2657 704 2712 uni
735 2658 913 2713 cuivis
942 2658 1047 2713 AB
1079 2658 1479 2715 insistentibus,
1553 2660 1679 2716 Erit
1711 2662 1816 2717 CD
1855 2662 1959 2733 (ex
1986 2662 2154 2718 tertia
2183 2665 2282 2719 hu-

452 2748 578 2819 jus)
619 2750 868 2819 aequalis
899 2750 1003 2820 ipsi
1034 2750 1154 2805 AB.
1230 2751 1542 2807 Sumantur
1571 2752 1628 2806 in
1658 2752 1780 2817 AC,
1813 2762 1867 2808 et
1898 2754 2004 2808 BD
2034 2763 2284 2824 protrac-

452 2840 524 2895 tis
564 2841 708 2896 duae
749 2841 868 2906 CR,
911 2842 1041 2906 DX,
1083 2843 1343 2913 aequales
1384 2843 1519 2913 ipsis
1559 2843 1680 2909 AC,
1725 2845 1860 2911 BD;
1899 2845 2283 2917 jungaturque

453 2931 580 2987 RX.
654 2933 842 2989 Facile
873 2936 1234 2989 ostendemus
1265 2934 1522 3005 junctam
1554 2935 1665 2990 RX
1697 2937 1987 3007 aequalem
2020 2938 2146 2993 fore
2178 2937 2281 3008 ipsi

453 3023 576 3088 AB,
609 3033 663 3079 et
693 3025 932 3096 angulos
962 3027 1035 3081 ad
1066 3028 1303 3081 eandem
1335 3036 1531 3082 rectos
1607 3028 1681 3083 Et
1713 3027 1896 3098 primo
1928 3029 2154 3099 quidem
2184 3046 2282 3100 per
