2456 4016
470 319 662 392 anguli
702 320 851 376 acuti
891 320 1084 385 DAP;
1121 319 1509 391 jungaturque
1547 319 1688 374 DM.
1770 319 2087 375 Ostendere
2125 319 2300 374 debeo

470 411 727 481 junctam
759 412 883 467 DM
916 412 1207 482 aequalem
1241 411 1368 466 fore
1399 410 1504 480 ipsi
1538 411 1660 475 DF,
1694 410 1812 465 sive
1844 409 1972 466 DA.

587 503 664 558 Et
705 503 890 573 primo
933 502 1161 573 quidem
1205 502 1400 573 nequit
1444 503 1567 556 DM
1611 501 1801 572 major
1844 519 1966 557 esse
2010 500 2132 571 ipsa
2176 502 2298 556 DF.

473 595 774 650 Caeterum
812 595 963 649 enim
1000 594 1241 665 angulus
1281 594 1457 648 DMF
1493 593 1681 648 minor
1722 593 1874 648 foret
1920 592 2026 663 (ex
2061 591 2302 649 decima-

471 695 672 741 octava
701 686 900 756 primi)
940 686 1151 756 angulo
1181 686 1374 749 DFM,
1405 684 1524 740 sive
1554 685 1680 755 ejus
1710 683 1928 754 aequali
1969 684 2074 755 (ex
2102 692 2303 739 octava

473 777 663 847 hujus,
698 778 754 831 in
788 777 1084 847 hypothesi
1118 776 1310 847 anguli
1344 775 1511 846 recti)
1552 776 1763 847 angulo
1794 775 1991 839 XAH,
2027 774 2144 831 sive
2176 774 2302 846 ejus

472 870 544 924 ad
592 868 862 923 verticem
911 868 1089 925 CAD.
1181 868 1374 938 Quare
1433 867 1593 938 (cum
1641 866 1832 938 anguli
1885 865 2075 930 CAM,
2126 866 2304 922 FMA

473 969 757 1029 ponantur
793 960 1069 1030 aequales,
1111 969 1304 1029 utpote
1342 958 1510 1029 recti)
1557 959 1804 1029 reliquus
1842 958 2083 1029 angulus
2120 958 2302 1013 DMA

473 1051 664 1121 major
693 1052 852 1106 foret⁷
873 1051 1088 1121 reliquo
1116 1051 1326 1122 angulo
1355 1050 1552 1105 DAM.
1624 1051 1755 1104 Hoc
1781 1058 1970 1105 autem
1997 1049 2302 1105 absurdum

474 1152 558 1198 est
598 1143 826 1213 (contra
858 1143 1397 1197 decimamoctavam
1428 1141 1627 1212 primi)
1668 1141 1712 1195 si
1745 1159 1944 1210 nempe
1977 1142 2100 1195 DM
2133 1158 2306 1211 pona-

475 1244 567 1289 tur
599 1234 791 1304 major
825 1234 946 1304 ipsa
982 1235 1103 1298 DF,
1140 1234 1258 1288 sive
1293 1233 1420 1287 DA.

594 1326 707 1382 Sed
736 1344 917 1396 neque
946 1326 1053 1381 erit
1084 1326 1207 1379 DM
1237 1325 1426 1379 minor
1455 1325 1576 1395 ipsa
1608 1326 1726 1378 DF.
1800 1324 2101 1379 Caeterum
2131 1343 2307 1396 angu-

476 1417 562 1473 lus
604 1418 782 1472 DMF
819 1415 1207 1487 major'foret
1257 1417 1360 1487 (ex
1401 1417 1597 1471 eadem
1640 1415 2059 1471 decimaoctava
2099 1415 2298 1486 primi)

476 1509 687 1581 angulo
736 1510 930 1573 DFM,
982 1508 1100 1564 sive
1149 1509 1276 1578 ejus
1344 1508 1562 1578 aequali
1623 1508 1728 1578 (ex
1775 1506 2061 1578 praedicta
2108 1515 2307 1562 octava

477 1600 667 1671 hujuS‚
702 1601 760 1654 in
792 1600 1088 1671 hypothesi
1122 1600 1315 1670 anguli
1348 1599 1515 1669 recti)
1558 1599 1768 1670 angulo
1801 1597 1998 1663 XAH,
2033 1597 2151 1653 sive
2182 1598 2308 1669 ejus

477 1694 550 1749 ad
596 1692 865 1748 verticem
913 1692 1091 1749 CAD.
1182 1692 1375 1764 Quare
1424 1709 1666 1755 rursum,
1716 1700 1779 1746 ut
1827 1708 2012 1761 supra,
2063 1690 2309 1761 reliquus

478 1783 719 1855 angulus
743 1780 838 1835 [14]
908 1783 1092 1837 DMA
1131 1802 1245 1837 non
1283 1782 1490 1853 major,
1535 1784 1632 1838 sed
1672 1782 1860 1837 minor
1902 1783 2054 1837 foret
2095 1782 2310 1853 reliquo

478 1876 689 1947 angulo
716 1875 913 1930 DAM.
986 1877 1117 1930 Hoc
1145 1884 1334 1942 autem
1361 1875 1670 1930 absurdum
1697 1883 1781 1929 est
1819 1874 2047 1945 (contra
2074 1875 2310 1930 eandem

479 1968 1018 2023 decimamoctavam
1066 1966 1265 2037 primi)
1324 1967 1368 2020 si
1418 1984 1616 2037 nempe
1665 1967 1788 2020 DM
1836 1974 2079 2036 ponatur
2123 1965 2311 2020 minor

481 2059 602 2129 ipsa
632 2059 754 2124 DF,
788 2059 905 2114 sive
938 2059 1065 2113 DA.

597 2151 796 2206 Restat
826 2150 1015 2222 igitur,
1047 2160 1109 2206 ut
1138 2151 1336 2221 juncta
1366 2151 1489 2205 DM
1521 2150 1769 2220 aequalis
1799 2149 1873 2205 sit
1901 2148 2006 2219 ipsi
2039 2150 2160 2214 DF,
2194 2150 2311 2204 sive

484 2242 610 2297 DA.
679 2242 871 2314 Quare
897 2242 951 2296 in
979 2242 1266 2313 triangulo
1292 2241 1473 2296 DAM
1501 2241 1761 2311 aequales
1787 2250 1953 2297 erunt
1988 2240 2093 2312 (ex
2117 2241 2312 2311 quinta

484 2334 681 2404 primi)
731 2334 923 2405 anguli
963 2335 1036 2390 ad
1076 2343 1282 2403 puncta
1322 2333 1393 2396 A,
1434 2342 1489 2387 et
1530 2335 1625 2398 M;
1665 2342 1832 2403 atque
1872 2332 2000 2388 ideo
2040 2332 2098 2387 in
2138 2332 2313 2388 trian-

484 2425 630 2497 gulis
668 2425 849 2490 DBA,
891 2426 1084 2489 DBM,
1126 2424 1465 2495 rectangulis
1502 2424 1560 2479 in
1598 2425 1662 2487 B,
1702 2424 1962 2495 aequales
1999 2433 2165 2479 erunt
2210 2424 2313 2495 (ex

484 2517 922 2589 vigesimasexta
953 2516 1152 2587 primi)
1191 2517 1352 2571 bases
1384 2515 1505 2579 AB,
1540 2517 1673 2570 ΒΜ.
1748 2516 1919 2586 Quod
1950 2515 2177 2586 quidem
2208 2517 2314 2570 hoc

485 2609 608 2664 loco
642 2608 1052 2664 intendebatur.
2140 2598 2145 2603 ’

601 2700 889 2771 Quoniam
932 2700 1107 2771 igitur
1156 2699 1477 2769 (assumpto
1522 2699 1578 2753 in
1622 2699 1734 2752 AD
1776 2698 2104 2755 continuata
2146 2699 2315 2754 inter-

487 2792 635 2847 vallo
678 2791 783 2846 AF
826 2791 998 2861 duplo
1040 2791 1318 2846 intervalli
1365 2790 1509 2859 AD)
1563 2790 2040 2861 perpendicularis
2083 2791 2199 2846 FM
2243 2791 2315 2846 ad

486 2883 800 2953 subjectam
837 2883 944 2937 ΑΡ
980 2882 1223 2938 demissa
1259 2881 1536 2937 abscindit
1571 2901 1643 2936 ex
1680 2881 1785 2936 ΑΡ
1820 2899 2017 2937 versus
2054 2882 2101 2936 P
2136 2881 2314 2937 basim

489 2975 612 3030 AM
658 2975 889 3045 duplam
935 2974 1083 3029 illius
1130 2974 1252 3037 AB,
1303 2992 1473 3044 quam
1518 2972 1796 3029 abscindit
1840 2972 2315 3044 perpendicularis

488 3066 733 3123 demissa
775 3085 848 3121 ex
890 3075 1098 3136 puncto
1143 3067 1226 3131 D3
1268 3064 1642 3120 manifestum
1683 3073 1768 3120 est
1810 3073 1896 3119 tot
1936 3063 2151 3120 vicibus
2194 3063 2315 3120 fieri

488 3176 652 3228 posse
679 3158 824 3213 hanc
851 3156 1235 3229 praecedentis
1266 3155 1545 3212 intervalli
1575 3155 2029 3227 duplicationem,
2059 3164 2122 3211 ut
2150 3154 2230 3211 sic
2259 3155 2317 3211 in

489 3249 610 3320 ipsa
644 3248 756 3305 AD
790 3247 1118 3305 continuata
1151 3247 1483 3304 deveniatur
1516 3248 1589 3303 ad
1623 3247 1910 3319 quoddam
1943 3255 2213 3318 punctum
2247 3248 2316 3311 T,

490 3360 562 3396 ex
599 3359 711 3413 quo
749 3340 1225 3413 perpendicularis
1265 3338 1509 3395 demissa
1547 3339 1619 3395 ad
1656 3337 2042 3397 continuatam
2079 3337 2187 3394 ΑΡ
2223 3337 2318 3394 ab·

491 3432 710 3489 scindat
736 3432 1021 3503 quandam
1047 3431 1153 3487 AR
1183 3430 1462 3501 majorem
1492 3429 1611 3500 ipsa
1638 3428 1983 3501 quantalibet
2009 3428 2169 3486 finita
2194 3427 2314 3485 ΑΡ.

1382 3544 1429 3584 46
