2456 4016
461 313 686 383 stratis)
730 313 857 368 illae
892 312 1034 368 aliae
1071 311 1253 375 AXB,
1292 320 1346 366 et
1383 311 1584 375 AXM,
1622 310 1762 366 citra
1798 328 2024 366 omnem
2060 328 2290 366 suarum

461 406 660 461 talium
703 404 1194 460 continuationum
1237 402 1704 467 immutationem,
1751 402 2032 472 suscipere
2075 402 2291 472 possint

462 497 566 553 sub
601 498 799 552 eadem
835 497 1071 550 immota
1107 495 1220 549 AX
1258 495 1397 549 alias
1433 495 1491 548 in
1527 496 1725 549 eodem
1762 494 1929 564 plano
1966 493 2289 563 positioneS,

462 588 655 659 quales
680 597 810 644 sunt
835 588 1085 658 ipsarum
1112 586 1293 651 AXC,
1321 595 1375 641 et
1399 586 1578 640 AXF.
1627 586 1812 657 Igitur
1836 585 1931 640 illa
1956 584 2076 639 sola
2101 584 2290 645 AXD,

462 680 628 751 cujus
657 698 857 750 nempe
885 678 1237 734 continuatio
1266 679 1380 732 XD
1409 687 1531 733 tum
1558 678 1615 732 in
1645 679 1844 733 eodem
1872 695 2000 732 cum
2028 676 2149 746 ipsa
2179 675 2292 730 AX

462 772 631 842 plano
666 772 888 836 existat,
925 780 1047 825 tum
1082 770 1252 824 etiam
1287 788 1461 839 aeque
1496 769 1728 824 omnino
1763 787 1821 823 se
1854 768 2056 823 habeat
2091 768 2148 821 in
2183 768 2293 822 lae-

461 882 609 928 vam,
646 882 711 918 ac
745 864 1039 918 dexteram
1073 870 1291 931 partem
1325 861 1642 930 praedictae
1677 860 1808 924 AX,
1846 868 1929 915 est
1962 860 2110 914 linea
2142 868 2293 914 recta

463 955 631 1026 juxta
664 955 1002 1024 explicatam
1035 953 1438 1017 definitionem,
1475 971 1572 1008 seu
1605 952 1955 1007 continuatio
1987 951 2047 1006 in
2079 960 2291 1006 rectum

463 1047 723 1117 ejusdem
751 1045 1211 1115 praesuppositae
1242 1053 1424 1099 rectae
1455 1044 1583 1098 AX.

579 1139 673 1192 Ex
699 1137 900 1208 quibus
927 1137 1188 1192 omnibus
1215 1137 1445 1191 tandem
1471 1145 1691 1191 constat
1719 1135 1943 1190 evenire
1970 1154 2085 1189 non
2113 1153 2292 1204 posse,

462 1238 525 1286 ut
556 1248 732 1285 unum
763 1228 1069 1299 quodpiam
1100 1228 1171 1283 sit
1202 1246 1499 1283 commune
1530 1236 1883 1298 segmentum
1915 1227 2157 1282 duarum
2193 1222 2288 1277 [81]

464 1330 760 1377 rectarum.
836 1321 1007 1392 Quod
1040 1329 1161 1375 erat
1193 1320 1712 1374 demonstrandum.

1131 1485 1626 1531 COROLLARIUM.

580 1594 675 1649 Ex
710 1594 930 1650 duobus
966 1593 1289 1664 praemissis
1324 1594 1636 1649 Lemmatis
1673 1594 1784 1649 tria
1818 1602 2133 1663 opportune
2169 1592 2296 1648 sub-

464 1694 662 1741 notare
700 1685 841 1741 licet.
922 1686 1121 1742 Unum
1157 1695 1269 1740 est:
1309 1687 1448 1741 duas
1488 1694 1683 1749 rectaS,
1723 1703 1902 1755 neque
1941 1685 2043 1739 sub
2081 1684 2296 1739 infinite

464 1797 640 1848 parva
665 1777 811 1833 inter
836 1778 986 1848 ipsas
1011 1778 1296 1841 distantia,
1324 1777 1584 1832 claudere
1611 1776 1856 1847 spatium
1881 1794 2058 1846 posse.
2126 1776 2297 1831 Ratio

465 1878 564 1934 est,
601 1869 733 1940 quia
775 1869 975 1940 (prout
1007 1869 1064 1923 in
1097 1869 1282 1939 primo
1312 1869 1638 1939 Lemmate)
1680 1868 1768 1923 vel
1802 1877 2039 1938 utraque
2073 1868 2297 1923 illarum

465 1962 569 2017 sub
613 1961 832 2017 duobus
878 1961 986 2015 illis
1032 1961 1423 2016 communibus
1469 1960 1738 2015 extremis
1784 1959 2003 2030 punctis
2049 1958 2296 2014 immotis

467 2052 681 2108 revolvi
721 2062 911 2123 posset
950 2054 1021 2107 ad
1060 2071 1272 2107 novum
1313 2052 1484 2107 situm
1523 2053 1928 2122 occupandum,
1970 2060 2024 2106 et
2064 2051 2143 2105 sic
2194 2050 2296 2122 (ex

465 2144 586 2215 jam
623 2145 834 2199 tradita
872 2144 1051 2199 lineae
1091 2153 1274 2199 rectae
1312 2143 1669 2213 definitione)
1719 2152 1919 2198 neutra
1961 2143 2113 2197 foret
2150 2142 2296 2197 linea

467 2245 647 2292 recta:
687 2236 776 2291 vel
816 2255 929 2291 una
967 2245 1189 2291 tantum
1229 2236 1287 2290 in
1328 2254 1431 2291 suo
1471 2237 1670 2290 eodem
1710 2235 1821 2290 situ
1861 2234 2200 2304 persisteret,
2244 2242 2297 2288 et

467 2329 546 2383 sic
577 2328 671 2383 illa
701 2328 822 2383 sola
854 2337 1005 2383 recta
1035 2327 1182 2382 linea
1215 2328 1380 2382 foret,
1455 2327 1626 2397 Quod
1657 2335 1845 2382 autem
1875 2334 2115 2396 nequeat
2144 2334 2298 2381 utra-

467 2438 573 2490 que
615 2420 672 2474 in
713 2421 912 2474 eodem
953 2419 1075 2489 ipso
1117 2420 1228 2474 situ
1269 2419 1582 2489 persistere,
1629 2419 1764 2473 dum
1806 2418 2034 2487 aliquod
2076 2417 2298 2472 conclu-

467 2513 604 2566 dant
649 2511 909 2581 spatium,
958 2510 1176 2566 etiamsi
1224 2510 1439 2565 infinite
1482 2528 1738 2579 parvum,
1787 2509 2159 2564 manifestum
2203 2509 2298 2564 fiet

468 2602 847 2658 consideranti
887 2621 1051 2672 posse
1095 2602 1301 2657 faciem
1341 2602 1488 2657 illius
1528 2601 1696 2671 plani,
1739 2601 1795 2655 in
1836 2620 1947 2670 quo
1988 2600 2114 2655 illae
2154 2601 2297 2655 duae

467 2695 798 2758 consistunt,
837 2693 1088 2749 converti
1126 2695 1194 2748 de
1231 2712 1474 2763 superna
1508 2693 1565 2747 in
1601 2693 1905 2756 infernam,
1942 2692 2297 2747 manentibus

471 2786 831 2856 caeteroquin
885 2785 942 2840 in
998 2804 1102 2841 suo
1155 2786 1355 2840 eodem
1409 2785 1534 2839 loco
1587 2784 1806 2840 duobus
1861 2784 1970 2838 illis
2025 2782 2294 2838 extremis

467 2877 703 2949 punctis

585 2969 848 3026 Alterum
899 2978 1012 3025 est:
1064 2988 1244 3040 neque
1295 2970 1430 3024 item
1480 2968 1653 3024 ullam
1703 2968 1910 3023 lineam
1961 2975 2186 3030 rectam,
2240 2965 2296 3020 in

469 3062 815 3134 quantalibet
862 3061 1121 3132 ejusdem
1189 3061 1559 3132 productione
1628 3060 1685 3115 in
1735 3060 2026 3123 directum,
2079 3057 2296 3114 diffindi

469 3173 633 3225 posse
669 3154 727 3209 in
764 3155 921 3218 duaS‚
962 3153 1220 3224 quamvis
1258 3154 1362 3224 sub
1398 3152 1614 3207 infinite
1651 3170 1826 3222 parva
1864 3149 2293 3220 intercapedine.

470 3246 642 3303 Ratio
679 3255 792 3313 est3
830 3246 962 3317 quia
1010 3245 1209 3316 (prout
1248 3245 1306 3299 in
1345 3245 1711 3315 praecedente
1749 3241 2072 3312 Lemmate)
2121 3239 2298 3297 conti-

1350 3550 1419 3587 194
