2456 4016
437 312 616 369 veniri
642 314 872 369 tandem
899 314 1099 369 debere
1124 314 1195 369 ad
1223 315 1362 369 duas
1390 312 1613 370 illarum
1640 313 1743 370 sibi
1771 313 2011 370 invicem
2038 330 2264 385 respon—

440 406 635 460 dentes
667 414 872 476 parteS,
906 423 1045 476 quas
1075 414 1293 460 constet
1324 423 1444 461 esse
1476 405 1621 460 inter
1652 424 1710 460 se
1742 406 2016 476 aequales

554 496 685 567 Jam
728 497 1151 552 demonstratur
1194 497 1561 567 propositum.
1648 497 2043 569 Intelligantur
2086 505 2267 552 erecta

440 606 513 643 ex
544 587 663 643 basi
695 587 800 642 AB
833 589 904 643 ad
936 606 1061 643 eam
1092 606 1326 643 curvam
1358 589 1524 644 CKD
1564 588 1687 659 (fig.
1724 586 1849 658 45.)
1891 588 2116 658 quotvis
2148 606 2270 659 per-

441 679 738 749 pendicula
765 679 889 744 NF,
918 680 1035 743 LF,
1066 680 1180 744 PF,
1213 680 1356 743 MK,
1384 680 1503 744 TF‚
1533 680 1656 744 VF,
1687 680 1766 733 IF
1782 698 1794 745 ;
1821 678 2041 750 sintque
2068 696 2271 750 aequa-

440 771 520 825 les
560 770 617 825 in
657 770 778 841 ipsa
815 771 935 825 basi
977 771 1081 825 AB
1121 770 1410 842 portiones
1450 770 1582 836 AN,
1628 771 1751 835 NL,
1794 771 1910 835 LP,
1955 771 2088 835 PM,
2132 771 2268 836 MT,

442 861 569 926 TV,
603 862 708 927 VI,
741 862 836 916 IB.

558 954 797 1010 Constat
844 954 1029 1023 primo
1076 955 1348 1025 angulum
1397 954 1571 1024 ipsius
1621 954 1725 1009 AC
1773 972 1902 1009 cum
1968 973 2033 1008 ea
2100 973 2272 1009 curva

442 1045 734 1116 aequalem
779 1045 905 1100 fore
949 1045 1185 1116 singulis
1228 1046 1357 1100 hinc
1399 1046 1528 1100 inde
1571 1048 1643 1101 ad
1685 1054 1892 1115 puncta
1934 1046 1996 1109 F,
2042 1046 2159 1100 sive
2202 1047 2272 1099 ad

441 1145 714 1207 punctum
748 1138 821 1201 K,
859 1146 955 1192 aut
989 1145 1260 1207 punctum
1296 1138 1366 1201 D,
1403 1137 1820 1207 praedictarum
1853 1137 2274 1207 perpendicula—

444 1229 592 1284 rium
620 1228 843 1299 angulis
873 1247 1001 1284 curn
1029 1229 1226 1283 eadem
1255 1247 1442 1283 curva.
1518 1229 1577 1284 Si
1609 1229 1758 1283 enim
1787 1228 2019 1283 mistum
2048 1228 2274 1298 quadri-

442 1316 821 1375 late-[9llrum
859 1319 1078 1376 ANFC
1116 1320 1418 1390 superponi
1459 1319 1804 1390 intelligatur
1840 1320 2011 1375 misto
2049 1319 2275 1390 quadri-

442 1412 622 1467 latero
654 1412 882 1477 NLFF,
913 1412 1220 1467 constituta
1250 1412 1369 1466 basi
1401 1412 1516 1466 AN
1548 1430 1715 1481 super
1745 1411 1963 1481 aequali
1994 1412 2114 1466 basi
2148 1412 2272 1475 NL,

442 1505 605 1559 cadet
641 1503 747 1559 AC
784 1521 952 1574 super
990 1504 1115 1569 NF,
1153 1512 1207 1558 et
1246 1504 1354 1558 NF
1392 1522 1559 1573 super
1593 1504 1710 1567 LF,
1751 1512 1979 1573 propter
2016 1503 2273 1573 aequales

443 1595 682 1667 angulos
708 1604 890 1650 rectos
915 1596 987 1650 ad
1011 1604 1217 1666 puncta
1243 1595 1314 1659 A,
1342 1596 1415 1659 N,
1443 1597 1504 1649 L.
1574 1595 1794 1650 Deinde
1820 1604 2049 1665 propter
2073 1613 2277 1665 aequa-

443 1687 659 1742 litatem
707 1696 988 1742 rectarum
1047 1687 1151 1757 (ex
1198 1687 1286 1742 34.
1339 1687 1545 1757 hujus)
1602 1686 1723 1750 AC,
1776 1687 1900 1751 NF,
1950 1687 2066 1750 LF,
2116 1687 2275 1741 cadet

443 1788 714 1849 punctum
741 1779 788 1835 C
815 1797 983 1849 super
1006 1788 1277 1849 punctum
1304 1779 1351 1832 F
1378 1778 1553 1848 ipsius
1583 1779 1706 1843 NF,
1736 1787 1790 1833 et
1817 1780 1923 1832 hoc
1950 1797 2116 1848 super
2142 1778 2276 1833 alte-

445 1889 572 1926 rum
597 1880 867 1941 punctum
895 1871 941 1925 F
968 1871 1143 1941 ipsius
1169 1871 1282 1925 LF.
1355 1871 1655 1925 Praeterea
1682 1889 1854 1925 curva
1882 1871 1978 1925 CF
2005 1879 2277 1940 congruet

444 1963 792 2018 adamussim
828 1963 933 2033 ipsi
971 1981 1177 2017 curvae
1214 1963 1341 2016 FF:
1381 1961 1426 2016 si
1463 1962 1617 2016 enim
1650 1981 1763 2017 una
1800 1962 2039 2026 illarum,
2079 1972 2140 2017 ut
2179 1962 2275 2017 CF

444 2056 772 2119 introrsum,
810 2063 907 2110 aut
941 2063 1267 2109 extrorsum
1301 2055 1493 2119 cadat;
1528 2062 1753 2123 sumpto
1789 2053 2034 2123 quolibet
2069 2062 2276 2123 puncto

445 2146 500 2217 Q
535 2147 681 2202 inter
714 2155 922 2217 puncta
958 2146 1031 2210 N,
1068 2155 1123 2201 et
1154 2146 1221 2210 L,
1260 2147 1544 2215 ductaquev
1572 2144 2017 2215 perpendiculari
2054 2154 2276 2199 secante

443 2256 617 2294 unam
647 2256 881 2294 curvam
912 2238 970 2292 in
1002 2238 1074 2302 X,
1109 2246 1163 2292 et
1194 2237 1430 2292 alteram
1462 2237 1519 2291 in
1555 2237 1611 2300 S,
1646 2236 1905 2306 aequales
1940 2236 2131 2291 forent
2173 2237 2276 2307 (ex

443 2339 580 2386 nota
616 2329 791 2401 hujus
827 2348 1033 2385 curvae
1070 2329 1306 2399 natura)
1352 2328 1506 2399 ipsae
1544 2328 1674 2400 QX,
1715 2328 1833 2399 QS,
1873 2330 2025 2398 quod
2062 2337 2146 2382 est
2182 2328 2276 2382 ab-

444 2422 696 2479 surdum.
770 2421 932 2476 Idem
963 2420 1186 2485 valebit,
1222 2420 1268 2474 si
1301 2420 1359 2474 in
1391 2419 1540 2475 dicta
1573 2419 2020 2489 superpositione
2050 2429 2276 2474 maneat

444 2514 501 2568 in
532 2531 635 2570 suo
666 2513 778 2569 situ
808 2522 959 2568 recta
990 2512 1114 2577 NF,
1147 2520 1202 2567 et
1233 2520 1383 2566 recta
1414 2511 1519 2567 AC
1549 2512 1712 2565 cadat
1744 2499 1912 2580 super
1941 2512 2055 2565 LF.
2129 2511 2277 2567 Rur-
