2456 4016
441 337 751 395 absurdum
786 349 887 404 est,
926 340 984 395 in
1019 340 1316 412 hypothesi
1353 341 1545 413 anguli
1584 341 1761 408 acuti;
1798 351 1927 399 cum
1963 351 2114 398 recta
2149 343 2270 398 KH

442 430 688 502 jungens
726 432 983 502 aequalia
1021 432 1419 502 perpendicula
1458 433 1581 497 KC,
1623 435 1760 498 HD,
1801 443 1996 489 acutos
2035 434 2272 506 angulos

443 521 645 577 efficiat
675 541 803 577 cum
834 522 1044 577 eisdem
1075 523 1501 593 perpendiculis.
1577 525 1709 579 Non
1742 544 1878 596 ergo
1909 525 2274 595 perpendicu-

445 612 579 667 laris
610 613 716 667 BD
745 613 936 684 major
965 623 1048 668 est
1088 614 1177 684 (in
1208 615 1503 685 hypothesi
1534 617 1724 687 anguli
1758 617 1937 685 acuti)
1977 616 2274 672 medietate

443 705 921 774 perpendicularis
959 706 1090 761 MC.
1169 706 1340 776 Quod
1375 716 1495 761 erat
1529 708 2049 762 demonstrandum.

1077 849 1479 896 PROPOSITIO
1511 850 1643 895 XXI.

445 945 656 1003 Iisdem
708 948 1095 1004 manentibus:
1147 951 1180 1004 I
1181 949 1550 1021 ntelliyantur
1598 952 1657 1006 in
1707 951 1990 1022 infinitum
2041 952 2277 1023 produci

598 1038 753 1109 ipsae
779 1040 924 1106 AM,
956 1049 1010 1095 et
1035 1041 1158 1096 AC.
1229 1040 1373 1097 Dico
1405 1045 1708 1098 earundem
1740 1043 2066 1098 distantiam
2095 1045 2277 1115 majo-

601 1150 720 1186 rem
750 1132 883 1202 fore
924 1133 1014 1203 (in
1045 1141 1283 1204 utraque
1314 1135 1612 1206 hypothesi
1643 1144 1740 1190 aut
1771 1134 1966 1203 anguli
1995 1135 2148 1202 recti,
2182 1145 2277 1191 aiat

600 1222 797 1293 anguli
832 1222 1013 1295 acuti)
1061 1224 1310 1296 qualibet
1346 1224 1674 1297 assiqnabili
1710 1225 1872 1296 finita
1909 1225 2275 1296 lonyitudine.

608 1312 704 1367 [29]

564 1434 1019 1491 Demonstratur.
1089 1436 1158 1491 In
1186 1435 1311 1493 AM
1338 1438 1667 1494 continuata
1692 1447 1950 1494 sumatur
1976 1439 2082 1494 ΑΡ
2111 1439 2278 1509 dupla

448 1524 623 1595 ipsius
658 1525 801 1590 AM,
839 1527 1280 1599 demittaturque
1315 1530 1388 1584 ad
1424 1529 1530 1586 AC
1565 1530 1953 1586 continuatam
1987 1530 2280 1602 perpendi-

447 1617 653 1672 cularis
688 1618 811 1673 ΡΝ.
890 1619 1024 1673 Non
1057 1619 1163 1675 erit
1206 1620 1310 1691 (ex
1342 1621 1741 1691 praecedente)
1784 1621 1842 1676 in
1875 1622 2090 1678 utravis
2124 1641 2280 1693 prae-

448 1707 598 1764 dicta
625 1710 922 1780 hypothesi
953 1711 1431 1781 perpendicularis
1464 1713 1580 1769 MC
1610 1713 1801 1783 major
1829 1713 2129 1769 medietate
2160 1733 2281 1784 per-

447 1800 825 1870 pendicularis
853 1802 976 1857 ΡΝ.
1045 1802 1232 1873 Igitur
1257 1803 1365 1858 ΡΝ
1392 1803 1590 1858 saltem
1618 1805 1723 1859 erit
1750 1805 1920 1875 dupla
1945 1805 2119 1875 ipsius
2147 1805 2279 1870 MC,

448 1900 617 1961 prout
650 1893 768 1948 MC
799 1894 998 1948 saltem
1030 1903 1114 1949 est
1145 1894 1315 1965 dupla
1347 1895 1578 1950 alterius
1612 1897 1733 1950 BD.
1809 1895 1998 1967 Atque
2031 1897 2109 1953 ita
2140 1915 2282 1952 sem-

449 2002 564 2053 per,
606 1983 652 2038 si
693 1984 750 2039 in
790 1985 1119 2041 continuata
1158 1985 1282 2041 AM
1324 1996 1581 2042 sumatur
1621 1987 1791 2058 dupla
1831 1988 2005 2058 ipsius
2047 1988 2169 2053 ΑΡ,
2211 2008 2282 2044 ex

449 2074 686 2147 ejusque
722 2076 967 2132 termino
1004 2077 1335 2134 demittatur
1370 2078 1847 2149 perpendicularis
1883 2081 1956 2135 ad
1992 2080 2283 2136 continua-

450 2176 567 2222 tam
605 2166 724 2223 AC.
810 2168 1034 2224 Scilicet
1073 2169 1567 2239 perpendiculariS,
1609 2189 1751 2240 quae
1789 2190 1862 2226 ex
1901 2171 2025 2226 AM
2064 2190 2285 2243 semper

449 2258 632 2330 magis
670 2259 998 2316 continuata
1036 2260 1363 2317 demittetur
1400 2262 1472 2317 ad
1510 2262 1898 2318 continuatam
1935 2263 2057 2327 AC,
2096 2264 2284 2320 multi-

450 2350 581 2421 plex
610 2350 718 2407 erit
746 2351 1153 2419 determinatae
1183 2353 1290 2407 BD
1321 2371 1492 2423 supra
1522 2353 1824 2424 quemlibet
1856 2354 2077 2410 finitum
2108 2354 2285 2426 assig-

451 2441 694 2497 nabilem
741 2461 1055 2499 numerum.
1147 2443 1333 2515 Igitur
1379 2444 1796 2515 praedictarum
1844 2455 2125 2502 rectarum
2173 2446 2285 2502 dis-

450 2533 631 2589 tantia
660 2533 852 2605 major
881 2534 987 2590 erit
1028 2534 1117 2605 (in
1149 2544 1387 2605 utraque
1419 2536 1706 2605 praedicta
1737 2537 2067 2608 hypothesi)
2109 2538 2284 2608 quali-

454 2624 546 2679 bet
599 2624 925 2695 assignabili
980 2624 1139 2681 finita
1191 2626 1559 2696 longitudine.
1657 2628 1828 2699 Quod
1882 2637 2002 2684 erat
2055 2630 2284 2684 demon-

452 2717 763 2773 strandum.
786 2738 789 2739 ⁷

1120 2883 1617 2930 COROLLARIUM.

570 2989 859 3061 Quoniam
902 3009 1040 3047 vero
1082 2991 1409 3062 hypothesis
1453 2992 1645 3064 anguli
1690 2993 1893 3058 obtusi,
1938 3012 2081 3064 quae
2124 2993 2284 3050 unice

453 3079 650 3138 obesse
693 3081 784 3138 hic
827 3091 1033 3153 posset,
1081 3084 1468 3139 demonstrata
1512 3083 1633 3154 jam
1679 3093 1763 3141 est
1808 3084 2061 3141 absolute
2109 3085 2283 3154 falsa;
