2456 4016
1156 387 1510 433 SCHOLION.

533 481 858 537 Observare
887 490 1078 536 tamen
1109 481 1303 546 debeO,
1337 483 1490 551 quod
1520 481 1692 537 etiam
1720 501 1794 537 ex
1825 482 2122 553 hypothesi
2154 501 2255 537 an-

416 572 535 644 guli
573 572 759 628 obtusi
797 572 1083 628 enascitur
1119 591 1295 628 curva
1331 573 1610 642 quaedam
1648 574 1832 638 CKD,
1874 574 1973 629 sed
2008 569 2247 629 con-[96]

415 682 564 719 vexa
601 681 800 719 versus
837 673 1026 734 partes
1064 663 1213 719 basis
1252 664 1374 719 AB.
1457 664 1611 720 Nam
1649 665 1780 720 MH
1831 664 1956 736 (fig.
1998 663 2123 735 47.)
2171 664 2255 720 bi-

420 755 631 810 fariam
660 755 920 811 dividens
951 755 1102 825 ipsas
1134 755 1257 820 AB,
1292 756 1397 812 CD
1427 755 1535 811 erit
1574 756 1680 827 (ex
1707 756 1759 810 2.
1793 755 2000 827 hujus)
2040 755 2253 811 eisdem

416 846 927 917 perpendicularis;
953 855 1009 902 et
1034 846 1227 917 major
1264 846 1369 918 (ex
1398 847 1528 903 Cor.
1560 847 1604 901 I.
1634 856 1764 918 post
1791 848 1841 903 3.
1873 847 2080 918 hujus)
2118 847 2254 918 ipsis

416 937 540 1003 AC,
579 938 704 1004 BD,
740 937 800 993 in
834 938 1134 1009 hypothesi
1168 938 1361 1009 anguli
1399 938 1600 994 obtusi.
1677 939 1872 1010 Quare
1906 938 2083 1009 ipsius
2121 939 2253 994 MH

415 1030 604 1100 portio
630 1030 910 1100 quaedam
937 1030 1066 1084 MK
1092 1030 1342 1100 aequalis
1368 1030 1476 1085 erit
1502 1030 1607 1100 ipsi
1633 1029 1757 1094 AC,
1786 1039 1885 1085 aut
1911 1031 2034 1085 BD.
2103 1032 2254 1086 Tum

417 1120 630 1191 junctis
664 1121 790 1186 CK,
825 1129 881 1176 et
914 1122 1047 1186 KD,
1083 1120 1392 1191 divisisque
1425 1121 1696 1177 bifariam
1729 1121 1788 1176 in
1821 1121 2043 1192 punctis
2076 1122 2149 1187 X,
2187 1123 2252 1186 P,

418 1212 491 1284 Q,
535 1212 592 1268 N
632 1212 799 1268 rectis
839 1213 965 1277 CK,
1006 1212 1149 1277 AM,
1194 1213 1329 1277 ΜΒ,
1373 1214 1505 1278 KD,
1547 1221 1770 1288 constat
1819 1213 1924 1285 (ex
1962 1214 2162 1269 eadem
2198 1214 2278 1269 2.

417 1303 626 1374 hujus)
663 1304 891 1374 junctas
921 1304 1046 1369 PX,
1078 1304 1211 1376 QN,
1242 1305 1733 1376 perpendiculares
1766 1305 1894 1359 fore
1923 1304 2059 1375 ipsis
2089 1305 2256 1361 rectis

418 1394 632 1451 divisis.
703 1395 786 1451 At
816 1414 1045 1452 rursum
1072 1405 1240 1451 erunt
1268 1396 1396 1451 illae
1435 1396 1541 1468 (ex
1568 1397 1769 1452 eodem
1800 1397 1931 1453 Cor.
1965 1396 2010 1451 I.
2043 1405 2172 1467 post
2201 1398 2253 1452 3.

418 1487 625 1558 hujus)
676 1486 931 1558 majores
973 1484 1110 1558 ipsis
1153 1487 1276 1553 AC,
1323 1488 1468 1553 MK,
1515 1488 1638 1543 BD.
1725 1488 1909 1554 Hinc;
1951 1487 2256 1559 assumptis

417 1580 730 1635 earundem
765 1578 1121 1650 portionibus
1160 1579 1276 1644 PL,
1316 1579 1434 1651 Qs,
1474 1598 1618 1650 quae
1655 1579 1956 1650 praedictis
1995 1580 2256 1650 aequales

418 1670 531 1726 sint
546 1690 560 1737 ;
588 1669 918 1727 habebimus
946 1688 1197 1736 curvam,
1228 1689 1303 1726 ex
1329 1671 1628 1742 hypothesi
1658 1671 1851 1742 anguli
1880 1671 2067 1728 obtusi
2096 1689 2258 1727 enas*

415 1771 653 1827 centem,
686 1780 832 1833 quae
860 1762 1125 1818 transibit
1153 1781 1254 1834 per
1283 1771 1492 1833 puncta
1523 1763 1587 1827 C,
1618 1763 1686 1828 L,
1720 1764 1794 1827 K,
1831 1763 1889 1827 S,
1923 1764 1994 1817 D.
2067 1762 2258 1833 Atque

418 1854 498 1909 ita
532 1872 770 1925 semper,
808 1853 855 1909 si
892 1855 1194 1910 decernere
1227 1854 1467 1910 velimus
1505 1854 1720 1925 reliqua
1755 1863 1963 1925 puncta
1997 1854 2257 1926 ejusdem

417 1964 640 2002 curvae.
719 1945 862 2002 Inde
897 1955 1089 2002 autem
1123 1955 1346 2001 constat
1379 1965 1506 2002 eam
1545 1947 1673 2002 fore
1708 1938 2024 2002 convexam
2059 1964 2256 2002 versus

417 2046 608 2109 partes
634 2037 785 2093 basis
812 2037 935 2093 AB.
1002 2038 1135 2109 Jam
1165 2038 1354 2093 fateor
1379 2037 1758 2094 demonstrari
1786 2038 2066 2094 uniformi
2093 2038 2259 2109 plane

417 2130 690 2185 methodo
737 2129 990 2200 potuisse
1036 2129 1436 2200 aequalitatem
1483 2130 1658 2201 hujus
1705 2148 1912 2185 curvae
1958 2137 2088 2186 cum
2136 2129 2258 2201 ipsa

418 2220 539 2276 basi
565 2220 688 2276 AB.
756 2221 839 2277 At
862 2220 988 2292 quis
1017 2222 1279 2277 fructus?
1324 2221 1532 2277 Nullus
1559 2239 1709 2276 sane.
1758 2221 2258 2292 Quemadmodum

416 2312 571 2368 enim
603 2331 779 2369 curva
813 2312 922 2369 ista
957 2313 1125 2370 CKD
1159 2312 1375 2369 censeri
1410 2313 1589 2378 debet,
1627 2332 1701 2368 ex
1733 2312 2020 2369 communi
2057 2313 2257 2368 saltem

417 2404 668 2469 notione,
705 2403 899 2475 major
935 2413 1088 2460 recta
1126 2405 1262 2471 CD;
1298 2404 1379 2460 ita
1413 2404 1586 2460 etiam
1632 2404 1723 2476 (in
1760 2406 1811 2460 3.
1851 2403 2058 2475 hujus)
2106 2404 2257 2460 basis

419 2495 526 2550 AB
558 2497 984 2552 demonstratur
1013 2495 1206 2567 major
1235 2497 1434 2551 eadem
1466 2496 1588 2560 CD,
1623 2497 1761 2551 dum
1791 2504 1901 2551 stet
1929 2495 2258 2567 hypothesis

419 2587 613 2659 anguli
651 2587 854 2643 obtusi.
937 2587 1176 2644 Nullum
1212 2605 1351 2658 ergo
1388 2606 1463 2642 ex
1501 2589 1607 2642 hac
1644 2596 1805 2657 parte
1841 2587 2168 2653 absurdum,
2208 2588 2256 2642 si

419 2678 569 2735 basis
600 2679 706 2734 AB
734 2678 984 2751 aequalis
1014 2678 1087 2735 sit
1114 2679 1434 2749 praedictae
1462 2697 1684 2734 curvae.
1757 2678 1943 2734 Aliter
1970 2698 2107 2735 vero
2137 2697 2258 2734 rem
