2456 4016
493 332 864 388 decimanona
896 332 1187 404 ejusdem)
1230 332 1337 390 erit
1369 332 1568 404 juncta
1602 333 1716 388 DA
1746 332 1937 404 major
1969 332 2166 405 juncta
2200 331 2319 397 DS,

493 424 731 496 ejusque
757 424 1048 496 supposita
1072 423 1291 496 aequali
1317 423 1515 495 juncta
1542 425 1682 479 DM.
1732 425 1904 497 Quod
1929 424 2323 481 eratsecundo

492 516 618 572 loco
648 516 1168 572 demonstrandum.
1242 515 1440 586 Itaque
1470 524 1730 571 constant
1756 511 2172 587 propositam]

1151 699 1553 747 PROPOSITIO
1586 701 1672 746 XI.

495 817 674 875 Recta
710 819 821 875 ΑΡ
870 820 1282 892 (quantaelibet
1321 820 1724 893 longitudinis)
1774 830 1924 877 secet
1963 823 2105 877 duas
2145 829 2325 878 rectas

647 911 767 978 PL,
801 911 916 966 AD
961 913 1085 984 (fiy.
1121 913 1210 984 9.)
1251 912 1499 984 priorem
1534 913 1760 985 quidem
1793 914 1896 969 snb
1931 921 2083 968 recto
2117 914 2324 984 angulo

649 1001 711 1058 in
734 1003 803 1070 P,
829 1004 1203 1074 posteriorem
1230 1024 1366 1061 vero
1395 1004 1454 1060 in
1480 1005 1532 1059 Α
1563 1007 1666 1061 sub
1696 1004 1898 1077 quovis
1925 1013 2088 1060 acuto
2118 1006 2325 1076 anyulo

651 1105 1028 1166 converyente
1062 1098 1135 1151 ad
1168 1105 1359 1167 partes
1392 1096 1570 1167 ipsius
1602 1098 1719 1152 PL.
1797 1095 1941 1152 Dico
1978 1104 2161 1152 rectas
2192 1096 2326 1163 AD,

649 1186 750 1241 PL
796 1185 888 1259 (in
922 1187 1223 1259 hypothesi
1254 1188 1450 1258 anynli
1482 1188 1651 1260 recti)
1695 1188 1755 1243 in
1789 1187 1976 1259 aliquo
2011 1196 2237 1259 punct0,
2275 1196 2329 1243 et

651 1277 879 1348 quidem
914 1281 988 1335 ad
1021 1279 1259 1351 finitam,
1295 1298 1397 1335 sen
1431 1280 1789 1335 terminatam
1826 1277 2171 1346 distantiam,
2209 1288 2329 1334 tan-

653 1370 781 1425 dem
815 1368 1079 1438 coituraS,
1113 1371 1165 1427 si
1193 1373 1602 1442 protrahantur
1630 1390 1832 1427 versus
1862 1370 1988 1425 illas
2017 1379 2223 1442 parteS,
2257 1371 2330 1427 ad

653 1480 794 1532 quas
822 1480 948 1517 cum
975 1463 1235 1535 subjecta
1259 1463 1368 1518 ΑΡ
1396 1464 1810 1533 duos-angulos
1838 1461 2085 1534 efficiunt
2111 1462 2332 1518 duobus

652 1552 822 1609 rectis
849 1553 1114 1611 minoreS.

617 1699 1073 1756 Demonstratur.
1158 1702 1536 1756 Protrahatur
1577 1701 1691 1755 DA
1729 1719 1926 1756 versus
1966 1701 2105 1756 alias
2145 1710 2331 1771 partes

501 1808 679 1861 usque
710 1792 784 1846 ad
817 1792 1047 1862 aliquod
1079 1802 1350 1862 punctum
1383 1792 1456 1857 X,
1493 1801 1548 1848 et
1580 1811 1680 1863 per
1713 1792 1769 1846 A
1801 1793 2053 1864 erigatur
2086 1792 2192 1863 ipsi
2226 1792 2333 1847 ΑΡ

501 1881 980 1953 perpendicularis
1020 1884 1207 1948 HAC,
1246 1883 1523 1939 existente
1559 1893 1768 1955 puncto
1805 1885 1865 1939 H
1903 1885 1976 1939 ad
2012 1893 2199 1955 partes
2235 1902 2334 1939 an-

501 1974 619 2045 guli
660 1974 841 2030 XAP.
925 1977 1076 2031 Tum
1116 1976 1174 2030 in
1214 1976 1327 2029 AD
1368 1985 1655 2046 protracta
1694 1993 1891 2031 versus
1931 1984 2118 2046 partes
2159 1975 2333 2046 ipsius

504 2066 603 2120 PL
633 2075 932 2123 sumantur
960 2068 1074 2123 duo
1103 2068 1360 2138 aequalia
1390 2067 1686 2123 intervalla
1716 2067 1846 2132 AD,
1881 2067 2003 2132 DF,
2036 2066 2336 2123 demittan-

501 2166 707 2230 turque
739 2159 813 2214 ad
846 2158 1162 2230 subjectam
1196 2159 1303 2214 ΑΡ
1336 2158 1824 2231 perpendiculares
1860 2159 1983 2222 DB,
2020 2159 2155 2223 FM,
2191 2177 2334 2229 quae

503 2249 697 2322 utique
723 2251 942 2316 cadent,
970 2259 1201 2322 propter
1228 2249 1805 2321 decimamseptimam
1832 2249 2016 2321 primi,
2047 2251 2120 2306 ad
2147 2259 2334 2321 partes

1400 3558 1446 3590 44
