2456 4016
391 321 520 377 tusi.
599 321 754 376 Hinc
789 321 848 376 in
884 321 1048 384 XIVJ.
1088 322 1313 377 declaro
1349 322 1667 377 absolutam
1704 322 2015 377 falsitatem
2049 324 2227 394 hypo-

390 413 565 468 thesis
590 412 783 484 anguli
808 413 1012 478 obtusi,
1038 412 1171 483 quia
1194 431 1254 469 se
1277 412 1458 483 ipsam
1481 412 1838 478 destruentiS,
1863 422 2058 484 utpote
2082 431 2225 484 quae

391 504 664 575 praedicti
696 504 1024 559 Axiomatis
1056 504 1356 559 veritatem
1387 504 1582 569 infert,
1617 523 1692 560 ex
1723 522 1837 575 quo
1868 513 2066 560 contra
2098 504 2226 560 reli-

392 614 532 666 quas
578 596 720 651 duas
767 597 1106 667 hypotheses
1152 595 1256 650 soli
1303 596 1601 666 hypothesi
1648 596 1840 667 anguli
1889 595 2026 651 recti
2069 596 2226 652 locus

393 687 744 757 relinquitur.
832 686 1018 758 Igitur
1062 687 1184 742 sola
1228 696 1404 742 restat
1446 687 1773 758 hypothesis
1818 686 2012 758 anguli
2057 686 2224 752 acuti,

392 788 591 834 contra
614 797 786 849 quam
810 778 1022 834 diutius
1046 779 1418 850 pugnandum
1445 778 1572 834 fuit.

509 870 585 925 Et
619 870 794 940 hujus
828 869 1058 940 quidem
1102 869 1262 940 (post
1293 870 1489 934 multa,
1526 889 1597 925 ne
1631 869 1816 925 dicam
1850 869 2058 935 omnia,
2095 887 2228 925 con-

392 961 667 1017 ditionate
692 960 973 1032 expensa)
1011 960 1330 1016 absolutam
1361 961 1671 1016 falsitatem
1699 961 1757 1015 in
1784 960 2073 1016 XXXIII.
2103 969 2228 1016 tan-

391 1054 521 1108 dem
546 1054 802 1117 ostendO,
830 1053 964 1123 quia
989 1052 1357 1123 repugnantis
1381 1061 1618 1108 naturae
1644 1052 1824 1107 lineae
1851 1061 2050 1117 rectae,
2079 1052 2228 1107 circa

391 1162 562 1215 quam
593 1144 773 1199 multa
807 1143 883 1199 ibi
918 1144 1195 1199 intersero
1228 1144 1547 1199 necessaria
1577 1144 1892 1213 Lemmata.
1969 1145 2228 1200 Tandem

390 1254 528 1291 vero
559 1236 617 1290 in
647 1237 1016 1306 praecedente
1047 1235 1445 1306 Propositione
1476 1235 1731 1291 absolute
1761 1236 2090 1292 demonstro
2121 1234 2227 1291 sibi

391 1328 497 1398 ipsi
530 1336 941 1399 repugnantem
970 1327 1310 1398 hypothesin
1340 1327 1534 1398 anguli
1565 1326 1730 1383 acuti.
1803 1326 2093 1398 Quoniam
2122 1326 2229 1399 igi-

400 1417 600 1475 [98]tur
640 1419 808 1475 unica
852 1427 1027 1474 restat
1070 1418 1399 1489 hypothesis
1443 1418 1636 1490 anguli
1681 1418 1835 1483 recti,
1881 1436 2230 1489 consequens

392 1512 556 1581 plane
586 1520 687 1576 est,
719 1520 782 1566 ut
810 1529 885 1565 ex
912 1510 1202 1581 praedicta
1230 1509 1398 1565 XIII.
1429 1510 1605 1581 hujus
1635 1510 1947 1566 stabilitum
1976 1510 2230 1566 absolute

392 1612 620 1678 maneat
651 1602 1120 1673 praenunciatum
1153 1601 1526 1657 Euclidaeum
1559 1601 1826 1656 Axioma.
1903 1602 2076 1673 Quod
2109 1610 2230 1657 erat

392 1694 763 1765 propositum.

1135 1857 1490 1904 SCHOLION.

514 1965 628 2020 Sed
655 1964 821 2035 juvat
847 1965 1166 2035 expendere
1193 1966 1302 2020 hoc
1327 1965 1453 2021 loco
1479 1965 1726 2021 notabile
1754 1965 2058 2021 discrimen
2085 1964 2232 2020 inter

396 2056 736 2126 praemissas
788 2057 1033 2112 duarum
1083 2056 1484 2127 hypothesium
1536 2057 1983 2129 redargutiones
2077 2056 2230 2112 Nam

394 2147 543 2203 circa
573 2148 913 2219 hypothesin
944 2148 1137 2220 anguli
1169 2148 1356 2204 obtusi
1389 2166 1478 2203 res
1510 2157 1594 2203 est
1623 2148 1939 2204 meridiana
1968 2148 2091 2203 luce
2121 2147 2232 2203 cla-

396 2239 543 2306 rior;
570 2239 1030 2314 quandoquidem
1055 2258 1129 2295 ex
1154 2258 1221 2295 ea
1245 2249 1535 2310 assumpta
1560 2249 1623 2295 ut
1647 2258 1785 2295 vera
1810 2241 2234 2295 demonstratur

395 2331 655 2387 absoluta
676 2330 1013 2387 universalis
1036 2331 1247 2387 veritas
1271 2331 1622 2387 controversi
1649 2330 2017 2386 Pronunciati
2042 2331 2234 2387 Eucli-

396 2423 539 2487 daei,
574 2440 648 2477 ex
679 2441 793 2494 quo
822 2432 1019 2494 postea
1051 2423 1475 2478 demonstratur
1507 2422 1765 2478 absoluta
1800 2422 2023 2478 salsitas
2056 2422 2233 2493 ipsius

395 2513 524 2569 talis
562 2513 920 2585 hypothesis;
956 2522 1126 2584 prout
1161 2522 1384 2569 constat
1420 2532 1494 2569 ex
1531 2513 1699 2568 XIII.
1740 2522 1796 2569 et
1832 2514 1997 2570 XIV.
2038 2513 2229 2585 hujus,

397 2606 615 2662 Contra
630 2624 767 2661 vero
791 2624 907 2660 non
932 2605 1172 2660 devenio
1197 2606 1270 2660 ad
1294 2605 1647 2676 probandam
1666 2604 1977 2661 falsitatem
2002 2604 2233 2662 alterius

397 2696 742 2769 hypothesiS‚
761 2716 905 2768 quae
929 2705 1014 2752 est
1038 2696 1231 2768 anguli
1257 2696 1423 2761 acuti,
1451 2696 1560 2751 nisi
1585 2696 1742 2767 prius
1760 2697 2235 2764 demonstrand03

397 2790 550 2859 quod
592 2788 757 2854 linea,
801 2788 967 2859 cujus
1009 2788 1203 2844 omnia
1243 2797 1450 2858 puncta
1492 2787 1870 2858 aequidistent
1911 2807 1945 2844 a
1986 2789 2233 2859 quadam
2308 2830 2317 2837 .

392 2880 690 2951 supposita
724 2889 877 2936 recta
909 2879 1058 2935 linea
1090 2880 1149 2935 in
1182 2880 1382 2935 eodem
1417 2898 1546 2935 cum
1579 2879 1701 2949 ipsa
1733 2879 1904 2950 plano
1936 2879 2230 2945 existente,

398 2971 649 3043 aequalis
677 2971 749 3028 sit
776 2971 882 3043 ipsi
908 2971 1008 3027 tali
1038 2980 1251 3038 rectae3
1279 2972 1431 3042 quod
1460 2970 1646 3042 ipsum
1672 2979 1864 3026 tamen
1891 2989 2007 3026 non
2034 2970 2235 3027 videor

1277 3553 1352 3587 232
