2456 4016
831 1090 1308 1146 PROOEMIUM
1358 1090 1471 1144 AD
1518 1091 1980 1148 LECTOREM.

606 1266 837 1336 Quanta
866 1265 938 1320 sit
969 1266 1397 1321 Elementorum
1429 1267 1681 1322 Euclidis
1713 1267 2072 1337 praestantia,
2107 1286 2170 1322 ac
2202 1267 2322 1338 dig-

489 1356 653 1422 nitaS,
698 1375 866 1412 nemo
911 1357 1181 1421 omnium,
1231 1358 1325 1428 qui
1373 1359 1808 1413 Mathematicas
1855 1358 2177 1428 disciplinas
2222 1378 2321 1414 no-

488 1449 688 1514 verint,
731 1449 996 1520 ignorare
1033 1458 1232 1520 potest.
1311 1450 1677 1505 Lectissimos
1716 1452 1861 1505 hanc
1899 1450 1956 1504 in
1995 1469 2114 1505 rem
2150 1459 2320 1505 testes

487 1540 728 1596 adhibeo
758 1540 1177 1606 Archimedem,
1212 1541 1597 1612 Apollonium,
1632 1542 2036 1606 Theodosium,
2070 1542 2320 1612 aliosque

487 1650 627 1702 pene
672 1632 1016 1697 innumer03‚
1066 1634 1138 1688 ad
1183 1634 1320 1688 haec
1367 1652 1542 1703 usque
1588 1643 1783 1688 nostra
1828 1643 2084 1703 tempora
2131 1652 2320 1689 rerum

488 1724 1026 1780 Mathematicarum
1063 1725 1394 1794 ScriptoreS‚
1431 1726 1524 1795 qui
1558 1744 1672 1780 non
1706 1726 1867 1780 aliter
1899 1727 2035 1781 haec
2068 1725 2318 1780 Euclidis

487 1815 783 1870 Elementa
826 1825 1118 1887 usurpant,
1167 1816 1273 1870 nisi
1321 1826 1382 1871 ut
1428 1817 1703 1887 principia
1748 1817 1867 1887 jam
1912 1817 2009 1872 diu
2054 1816 2315 1881 stabilita,

485 1926 548 1963 ac
573 1907 794 1978 penitus
820 1907 1167 1963 inconcussa.
1235 1909 1454 1963 Verum
1479 1918 1636 1963 tanta
1660 1910 1796 1963 haec
1822 1908 2066 1963 nominis
2091 1909 2319 1963 celebri-

483 2008 571 2054 tas
603 2008 796 2054 vetare
828 2018 943 2054 non
976 2000 1175 2070 potuit,
1214 2000 1349 2070 quin
1382 2000 1544 2055 multi
1580 2020 1652 2055 ex
1687 2000 1953 2070 Antiquis
1989 2001 2215 2070 pariter,
2254 2019 2317 2055 ac

485 2090 931 2156 Recentioribu5‚
976 2091 1124 2162 iique
1168 2092 1369 2163 Magni
1413 2093 1748 2148 Geometrae
1788 2110 1998 2147 naevos
2041 2094 2316 2162 quosdam

482 2201 517 2237 a
566 2201 625 2237 se
675 2183 1054 2253 deprehensos
1104 2183 1425 2239 censuerint
1475 2184 1531 2238 in
1582 2184 1669 2238 his
1721 2184 1855 2253 ipsis
1905 2183 2313 2254 pulcherrimis»,

481 2292 583 2329 nec
610 2293 861 2345 unquam
889 2275 1026 2330 satis
1055 2274 1298 2331 laudatis
1327 2275 1653 2330 ElementiS.
1725 2278 1868 2331 Tres
1898 2284 2086 2331 autem
2117 2275 2315 2346 hujus-

480 2366 635 2421 modi
663 2384 875 2421 naevos
902 2366 1218 2438 designant,
1249 2385 1390 2437 quos
1419 2367 1611 2422 statim
1640 2367 1923 2423 subnecto

598 2457 826 2514 Primus
867 2458 1092 2529 respicit
1131 2458 1519 2514 definitionem
1557 2459 1970 2528 parandarum,
2013 2468 2068 2514 et
2107 2460 2210 2515 sub
2249 2478 2314 2515 ea

481 2549 748 2614 Axioma‚
792 2551 944 2621 quod
984 2551 1135 2621 apud
1176 2550 1437 2607 Clavium
1478 2560 1561 2606 est
1602 2550 2114 2606 decimumtertium
2153 2540 2311 2607 Libri

480 2641 663 2710 primi,
688 2640 782 2697 ubi
808 2641 1072 2697 Euclides
1097 2642 1175 2696 sic
1198 2642 1564 2712 pronunciat:
1591 2642 1658 2698 Si
1679 2643 1739 2697 in
1756 2643 1898 2698 duas
1922 2651 2103 2698 rectas
2119 2642 2310 2708 linem,

478 2731 538 2787 in
578 2734 775 2788 eodem
816 2735 985 2804 plano
1030 2732 1336 2789 existentes
1378 2742 1530 2789 recta
1571 2733 1825 2789 incidens
1865 2734 2015 2790 linea
2054 2735 2199 2790 duos
2240 2735 2311 2790 ad

479 2825 704 2880 easdem
751 2833 942 2895 partes
989 2824 1245 2880 internos
1291 2827 1531 2895 anyulos
1579 2824 1829 2881 minores
1876 2828 2098 2882 duobus
2144 2825 2311 2881 rectis

478 2934 605 2971 cum
638 2914 848 2972 eisdem
881 2916 1099 2987 efficiat,
1134 2918 1278 2972 duae
1308 2916 1436 2972 illae
1466 2926 1651 2973 rectae
1683 2917 1863 2973 lineae
1894 2919 1968 2973 ad
1999 2937 2093 2974 eas
2121 2926 2310 2988 partes

477 3006 536 3062 in
574 3006 859 3079 infinitum
897 3017 1219 3079 protractae
1256 3008 1405 3064 inter
1440 3028 1501 3064 se
1539 3017 1737 3065 mutuo
1778 3008 2041 3065 incident.
2126 3011 2308 3064 Porro

476 3118 644 3155 nemo
687 3108 786 3165 est,
832 3100 927 3171 qui
972 3100 1187 3156 dubitet
1229 3101 1298 3156 de
1341 3101 1578 3157 veritate
1622 3100 1865 3172 expositi
1911 3100 2308 3165 Pronunciati;

476 3192 575 3247 sed
613 3191 671 3247 in
709 3210 776 3247 eo
813 3191 976 3248 unice
1014 3192 1310 3248 Euclidem
1348 3201 1629 3257 accusant,
1670 3193 1822 3263 quod
1860 3192 2088 3248 nomine
2127 3192 2308 3247 Axio-

474 3282 642 3338 matis
674 3301 810 3339 usus
844 3282 1034 3348 fuerit,
1068 3283 1228 3354 quasi
1260 3302 1461 3355 nempe
1491 3302 1563 3339 ex
1595 3284 1729 3339 solis
1759 3284 2015 3340 terminis
2048 3284 2152 3339 rite
2183 3302 2306 3355 per-

476 3374 678 3444 spectis
724 3374 828 3430 sibi
875 3374 979 3445 ipsi
1030 3375 1242 3431 faceret
1289 3375 1473 3431 fidem.
1562 3375 1703 3431 Inde
1748 3384 1937 3454 autem
1983 3394 2097 3431 non
2143 3375 2303 3446 pauci

486 3465 736 3536 (retenta
769 3466 1130 3538 caeteroquin
1167 3466 1474 3523 Euclidaea
1509 3466 1905 3538 parallelarurn
1941 3466 2296 3538 definitione)

1380 3593 1403 3623 4
