2456 4016
450 320 561 375 alia
602 320 820 375 ratione
860 338 1195 376 conservare
1237 338 1401 391 posse
1443 338 1603 377 suam
1645 322 1797 378 illam
1838 322 2278 395 qualemcunque

449 412 948 477 continuationem,
968 414 1104 468 dum
1129 412 1388 483 ejusdem
1405 412 1591 483 portio
1608 414 1715 468 XB
1743 414 2074 486 intelligitur
2098 425 2280 471 trans—

454 502 594 558 ferri
621 520 720 574 per
746 522 911 569 nova,
940 513 995 559 et
1021 522 1170 559 nova
1196 504 1319 559 loca
1345 522 1520 575 usque
1548 507 1620 561 ad
1647 507 2074 577 congruendum
2101 506 2157 561 in
2185 507 2280 562 illo

450 595 698 665 quodam
731 595 900 665 plano
933 595 1038 665 ipsi
1073 595 1196 660 XC,
1230 595 1563 666 persistente
1596 596 1822 651 interim
1855 596 1912 652 in
1945 599 2144 654 eodem
2177 616 2280 654 suo

449 685 574 740 loco
611 687 871 756 portione
908 686 1052 753 AX;
1088 705 1203 741 non
1241 705 1420 757 posse,
1461 687 1707 758 inquam,
1747 705 2082 744 conservare
2120 707 2279 744 suam

450 777 604 832 illam
636 778 1080 848 qualemcunque
1112 778 1610 843 continuationem,
1645 779 1753 833 nisi
1787 789 2061 849 quatenus
2095 780 2280 850 portio

449 869 570 938 ipsa
596 869 703 923 XB
730 869 1078 940 intelligatur
1104 870 1420 934 ascendere,
1451 879 1548 925 aut
1575 870 1912 925 descendere
1938 872 2009 926 ad
2037 871 2280 926 existen-

450 961 586 1015 dum
612 979 743 1016 cum
770 960 865 1015 illa
893 960 1129 1015 immota
1157 960 1270 1014 AX
1301 961 1358 1015 in
1387 960 1567 1025 noviS,
1599 971 1654 1017 et
1682 961 1845 1016 novis
1875 962 2072 1032 planis,
2105 980 2280 1033 usque

448 1053 585 1106 dum
611 1053 801 1106 redeat
826 1053 898 1106 ad
923 1052 1219 1122 antiquum
1245 1053 1491 1122 planum,
1519 1071 1836 1123 congruens
1863 1053 1936 1107 ibi
1964 1054 2281 1123 praedictae

450 1139 681 1198 XC.[77]

564 1233 633 1290 Id
663 1234 815 1290 enim
846 1234 1060 1290 censeri
1091 1243 1276 1306 potest
1307 1235 1428 1306 jam
1461 1237 1940 1302 demonstratum;
1973 1236 2104 1307 quia
2137 1237 2280 1292 scili-

448 1335 534 1381 cet
568 1326 722 1382 nulla
757 1326 868 1382 alia
903 1327 960 1381 in
994 1328 1194 1382 eodem
1230 1327 1326 1382 illo
1361 1328 1530 1397 plano
1567 1327 1798 1398 reperiri
1837 1337 2020 1398 potest
2056 1328 2278 1398 positiO,

447 1417 616 1488 juxta
652 1435 823 1489 quam
860 1418 982 1489 ipsa
1018 1418 1183 1473 AXB
1233 1418 1596 1490 (persistente
1634 1419 1893 1490 portione
1931 1419 2045 1474 AX
2082 1420 2139 1474 in
2178 1438 2280 1475 suo

447 1511 647 1565 eodem
685 1510 841 1580 loco)
889 1519 1185 1565 conservet
1225 1529 1385 1565 suam
1427 1511 1580 1565 illam
1621 1511 2064 1581 qualemcunque
2104 1511 2281 1566 conti-

447 1601 791 1666 nuationem,
842 1611 1235 1672 praeterquam
1284 1602 1377 1657 ubi
1428 1602 1687 1657 deveniat
1735 1603 1807 1657 ad
1855 1604 2280 1674 congruendum

447 1692 767 1763 praedictae
799 1693 978 1750 AXC.

565 1784 710 1840 Dico
737 1794 971 1855 quarto:
1001 1785 1284 1857 designari
1311 1804 1476 1856 posse
1504 1786 1562 1840 in
1588 1805 1655 1841 eo
1684 1805 1818 1841 arcu
1848 1787 1946 1842 BC
1973 1786 2083 1841 tale
2110 1805 2281 1857 punc-

446 1884 568 1931 tum
611 1876 681 1940 D,
726 1877 799 1931 ad
840 1878 994 1947 quod
1038 1877 1083 1931 si
1127 1877 1404 1948 jungatur
1446 1877 1578 1942 XD,
1622 1877 1744 1948 jam
1787 1877 1907 1948 ipsa
1950 1877 2122 1932 AXD
2165 1897 2279 1933 non

445 1968 620 2023 modo
655 1977 806 2023 recta
840 1968 987 2023 linea
1023 1969 1109 2033 sit,
1147 1970 1245 2023 sed
1282 1987 1508 2024 rursum
1544 1968 1622 2024 ita
1657 1987 1715 2024 se
1750 1969 1969 2034 habeat,
2006 1978 2068 2025 ut
2104 1968 2280 2025 conti-

447 2058 644 2115 nuatio
683 2059 874 2124 AXD,
916 2060 1273 2115 considerata
1312 2078 1510 2115 versus
1550 2060 1785 2124 laevam,
1828 2060 2076 2130 aequalis
2117 2061 2280 2131 plane

447 2149 536 2215 sit,
582 2159 681 2206 aut
723 2150 923 2206 similis
967 2151 1151 2206 eidem
1194 2151 1605 2207 continuationi
1651 2151 2037 2207 consideratae
2082 2170 2279 2207 versus

447 2242 756 2297 dexteram.

564 2334 1020 2391 Demonstratur.
1104 2336 1179 2389 Et
1219 2334 1376 2405 prior
1415 2334 1642 2405 quidem
1682 2353 1812 2405 pars
1864 2335 2279 2405 (qualecunque

448 2425 520 2481 sit
559 2425 697 2481 illud
736 2434 1008 2496 punctum
1049 2427 1103 2480 D
1145 2426 1202 2481 in
1243 2445 1376 2482 arcu
1419 2426 1518 2482 BC
1558 2426 1948 2498 designatum)
2000 2445 2068 2481 eo
2106 2428 2279 2482 modo

447 2517 781 2582 ostenditur,
811 2535 924 2589 quo
951 2536 1121 2588 supra
1149 2516 1235 2573 usi
1263 2535 1457 2573 sumus
1485 2517 1633 2573 circa
1659 2517 2045 2573 continuatam
2076 2517 2275 2572 AXM.

450 2608 741 2664 Posterior
775 2627 914 2664 vero
947 2626 1077 2679 pars
1113 2609 1192 2664 ita
1226 2608 1517 2664 evincitur.
1598 2609 1750 2664 Nam
1785 2609 1875 2664 hic
1912 2609 2278 2680 supponimus

447 2701 589 2756 duas
627 2709 807 2755 rectas
844 2700 1027 2764 AXB,
1068 2700 1249 2764 Axe,
1289 2700 1392 2756 sub
1429 2701 1628 2755 eodem
1664 2700 1948 2756 communi
1988 2710 2279 2772 segmento

448 2791 577 2847 AX.
651 2792 952 2847 Praeterea
980 2792 1349 2862 supponimus
1378 2791 1860 2848 continuationem
1890 2792 2054 2846 AXB
2082 2810 2279 2847 versus

447 2883 667 2939 laevam
695 2901 810 2938 non
837 2901 958 2939 esse
987 2883 1220 2939 omnino
1249 2883 1504 2948 similem,
1537 2892 1634 2939 aut
1662 2883 1951 2954 aequalem
1981 2883 2279 2939 eidemmet

446 2974 857 3031 continuationi
906 2993 1103 3031 versus
1152 2975 1474 3040 dexteram;
1542 2975 1673 3045 quia
1722 2983 1904 3030 stante
1952 2975 2277 3030 omnimoda

448 3066 732 3137 ejusmodi
778 3066 1160 3131 similitudine,
1208 3076 1306 3122 aut
1350 3066 1702 3137 aequalitate,
1753 3065 1918 3122 facile
1962 3066 2278 3123 ostenditur

448 3158 586 3213 nulli
611 3158 770 3214 alteri
798 3167 980 3214 rectae
1004 3156 1183 3213 lineae
1208 3176 1505 3214 commune
1529 3176 1650 3213 esse
1674 3175 1837 3228 posse
1863 3157 2000 3213 illud
2025 3175 2278 3229 segmen-

447 3258 570 3305 tum
604 3249 736 3314 AX,
773 3257 941 3320 prout
973 3268 1174 3319 nempe
1209 3248 1288 3304 sic
1322 3248 1833 3304 demonstrabimus
1870 3249 1939 3304 de
1974 3248 2067 3304 illa
2102 3247 2278 3303 conti-

448 3350 622 3397 nuata
663 3340 852 3397 AXD.
938 3341 1198 3397 Tandem
1241 3348 1648 3411 consequenter
1690 3339 2058 3410 supponimus
2101 3339 2278 3394 conti-

449 3441 681 3488 nuatam
720 3432 875 3488 illam
915 3431 1081 3487 AXB
1121 3432 1200 3487 ita
1240 3432 1413 3487 locari
1453 3449 1617 3502 posse
1656 3430 1713 3485 in
1753 3431 1952 3487 eodem
1990 3430 2182 3502 plane„
2215 3439 2277 3487 ut

1328 3545 1396 3581 18⁶
