2456 4016
419 289 602 345 dictae
625 289 766 344 LK:
793 288 925 360 Quo
951 297 1134 344 stante
1161 297 1381 344 constat
1406 289 1624 345 nullum
1649 307 1813 361 posse
1840 290 2057 346 obicem
2083 291 2253 346 inter-

418 398 659 437 currere.

1159 545 1511 592 SCHOLION.

534 651 798 707 Dubitari
832 651 1201 709 nihilominus
1232 662 1438 724 posset,
1472 674 1544 710 an
1575 673 1648 710 ex
1679 655 1927 726 quolibet
1957 665 2165 726 puncto
2198 657 2253 712 K

428 743 751 814 (assumpto
787 744 1059 800 nimirum
1096 745 1154 799 in
1192 746 1299 799 ΒΧ
1337 755 1466 801 ante
1503 765 1800 803 occursum
1838 747 2012 817 ipsius
2050 748 2157 802 ΒΧ
2196 747 2250 801 in

417 834 654 890 alteram
685 834 833 907 AX)
875 836 1354 907 perpendicularis
1387 839 1588 894 educta
1619 857 1816 894 versus
1850 847 2036 909 partes
2070 848 2252 894 rectae

417 925 531 980 AX
564 945 859 982 occurrere
891 928 1021 984 huic
1054 928 1253 984 debeat
1295 928 1419 1001 (fig.
1453 930 1580 1002 29.)
1623 930 1681 985 in
1713 930 1903 1001 aliquo
1935 939 2143 1001 puncto
2173 931 2252 995 L;

417 1018 553 1073 dum
581 1037 781 1089 nempe
809 1019 937 1074 illae
965 1020 1125 1084 duae,
1157 1029 1286 1075 ante
1314 1021 1666 1091 praedictum
1694 1040 2008 1087 occursum,
2040 1041 2252 1092 ponan-

416 1118 510 1165 tur
549 1111 621 1165 ad
663 1128 721 1165 se
763 1110 1005 1166 invicem
1046 1130 1268 1182 semper
1306 1112 1490 1184 magis
1531 1114 1809 1169 accedere.
1894 1114 2022 1185 Ego
2064 1123 2251 1170 autem

417 1201 544 1256 dico
574 1201 653 1256 ita
682 1202 917 1258 omnino
946 1212 1286 1259 secuturum.

533 1293 990 1349 Demonstratur.
1065 1294 1440 1366 Assignatum
1472 1296 1545 1352 sit
1577 1296 1635 1351 in
1668 1297 1776 1351 ΒΧ
1808 1297 2050 1368 quodvis
2081 1316 2252 1368 punc-

416 1392 538 1440 tum
568 1385 641 1440 K.
716 1386 990 1441 Sumatur
1019 1386 1077 1440 in
1107 1386 1222 1441 AX
1253 1388 1532 1457 quaedam
1562 1387 1687 1443 AM
1719 1388 1968 1458 aequalis
2000 1407 2251 1444 summae

416 1495 489 1531 ex
517 1476 638 1547 ipsa
666 1477 792 1542 ΒΚ,
823 1486 878 1533 et
906 1478 1078 1548 dupla
1105 1478 1227 1533 AB.
1298 1481 1450 1535 Tum
1478 1499 1551 1535 ex
1578 1489 1788 1550 puncto
1818 1481 1883 1535 M
1913 1481 2152 1536 ducatur
2180 1482 2251 1536 ad

417 1567 524 1622 ΒΧ
576 1568 777 1639 (juxta
823 1569 907 1624 12.
951 1569 1152 1641 primi)
1204 1570 1683 1641 perpendicularis
1726 1572 1870 1627 MN.
1954 1573 2083 1628 Erit
2124 1572 2249 1628 MN

425 1659 626 1730 (juxta
649 1669 1004 1731 praesentem
1027 1661 1507 1733 suppositionem)
1538 1662 1728 1718 minor
1750 1663 1872 1734 ipsa
1895 1663 2016 1719 AB.
2059 1664 2251 1735 Quare

416 1750 541 1806 AM
586 1752 775 1823 (facta
809 1753 1059 1823 aequalis
1094 1772 1350 1809 summae
1382 1773 1456 1809 ex
1490 1754 1611 1824 ipsa
1646 1756 1772 1819 ΒΚ,
1809 1764 1864 1811 et
1898 1756 2069 1826 dupla
2104 1756 2242 1826 AB)

414 1843 607 1913 major
634 1844 740 1899 erit
768 1863 990 1900 summa
1018 1845 1270 1916 ipsarum
1299 1846 1425 1911 ΒΚ,
1457 1846 1580 1912 ΑΒ,
1612 1855 1666 1902 et
1694 1847 1837 1902 NM.
1907 1848 2039 1919 Jam
2066 1856 2251 1903 osten-

415 1936 548 1990 dere
583 1945 806 2005 oportet
840 1938 1078 1992 eandem
1113 1937 1239 1992 AM
1273 1938 1554 1993 minorem
1588 1957 1709 1994 esse
1745 1957 1966 1994 summa
2001 1940 2249 2010 ipsarum

416 2026 543 2092 BN,
579 2026 703 2093 AB,
737 2036 791 2083 et
826 2028 970 2093 MN,
1006 2037 1069 2085 ut
1102 2029 1232 2084 inde
1264 2038 1482 2085 constet
1514 2049 1640 2085 eam
1673 2031 1783 2086 BN
1814 2030 2097 2101 majorem
2130 2050 2251 2086 esse

414 2119 702 2190 praedicta
726 2120 851 2185 ΒΚ,
878 2139 943 2176 ac
965 2130 1265 2191 propterea
1288 2131 1559 2191 punctum
1582 2123 1639 2177 K
1663 2122 1851 2192 jacere
1875 2123 2022 2177 inter
2045 2132 2250 2193 puncta

416 2211 480 2275 Β,
536 2220 590 2266 et
622 2212 693 2266 N.
762 2212 1050 2283 Jungatur
1079 2213 1213 2267 ΒΜ.
1286 2213 1414 2268 Erit
1443 2213 1589 2269 latus
1619 2213 1744 2269 AM
1785 2214 1888 2285 (ex
1917 2215 2007 2269 20.
2041 2214 2241 2285 primi)

413 2303 601 2359 minus
634 2303 854 2359 duobus
886 2303 1053 2360 simul
1086 2304 1316 2375 reliquis
1347 2304 1615 2361 lateribus
1648 2305 1770 2370 AB,
1805 2314 1860 2361 et
1892 2307 2026 2361 ΒΜ.
2102 2307 2249 2362 Rur-

415 2413 541 2450 sum
576 2389 672 2447 [51]
706 2395 852 2450 latus
882 2396 1001 2450 ΒΜ
1041 2395 1145 2465 (ex
1173 2397 1371 2451 eadem
1398 2396 1487 2451 20.
1520 2396 1719 2467 primi)
1757 2397 1946 2453 minus
1975 2397 2082 2453 erit
2111 2399 2249 2454 duo-

414 2487 517 2541 bus
550 2486 715 2541 simul
747 2486 1016 2543 lateribus
1049 2487 1175 2552 BN,
1210 2496 1264 2542 et
1297 2487 1441 2543 MN.
1517 2488 1703 2559 Igitur
1732 2489 1879 2544 latus
1913 2489 2038 2545 AM
2070 2490 2249 2546 multo

413 2577 601 2633 minus
635 2578 741 2633 erit
772 2578 952 2634 tribus
986 2579 1152 2634 simul
1186 2579 1453 2635 lateribus
1488 2579 1611 2644 AB,
1648 2580 1775 2645 BN,
1809 2590 1865 2636 et
1899 2581 2041 2636 NM.
2119 2582 2247 2637 Hoc

414 2679 603 2725 autem
636 2678 757 2725 erat
791 2671 1220 2735 ostendendum,
1256 2680 1319 2726 ut
1352 2680 1636 2726 constaret
1669 2681 1939 2742 punctum
1973 2674 2030 2728 K
2061 2672 2247 2743 jacere

416 2762 562 2816 inter
587 2770 795 2832 puncta
823 2762 886 2826 Β,
918 2771 972 2817 et
1000 2762 1071 2817 N.
1143 2761 1283 2818 Inde
1311 2771 1501 2818 autem
1529 2780 1876 2834 consequens
1905 2772 2004 2829 est,
2036 2773 2097 2820 ut
2126 2783 2247 2835 per-
