2456 4016
467 327 715 398 postulat
744 327 862 398 ipse
890 326 994 381 sibi
1025 325 1271 390 concedi,
1305 325 1404 380 sed
1433 323 1830 396 problematice
1859 323 2211 379 demonstrat
2238 322 2296 377 in

470 438 571 475 sua
601 420 768 490 Prop.
801 418 905 473 XI.
933 417 1092 472 Libri
1123 416 1306 488 primi.
1376 415 1462 470 Ibi
1490 415 1641 471 enim
1669 435 1742 471 ex
1769 416 1903 471 dato
1931 414 1989 469 in
2019 422 2169 469 recta
2198 411 2297 469 BC

468 510 717 581 quolibet
754 518 963 580 puncto
1002 509 1058 562 A
1106 508 1230 579 (fig.
1274 507 1398 578 40.)
1447 508 1610 563 docet
1648 506 1895 561 excitare
1933 504 2297 576 perpendicu-

469 603 646 657 larem
694 602 824 666 AD,
874 602 946 656 ad
994 618 1164 671 quam
1212 598 1404 671 anguli
1454 598 1636 663 DAB,
1688 597 1852 653 DAC
1900 597 2012 651 sint
2059 595 2298 651 invicem

469 693 744 765 aequales,
832 694 1017 747 Porro
1059 691 1184 746 illos
1227 692 1369 745 duos
1411 690 1649 762 angulos
1692 707 1812 744 esse
1855 688 2095 743 invicem
2136 706 2300 742 exac-

469 785 685 839 tissime
726 784 1003 854 aequaleS,
1048 782 1167 837 sine
1207 782 1325 837 ullo
1365 781 1595 837 defectu
1635 781 1807 836 etiam
1848 779 2064 834 infinite
2104 796 2297 850 parv0‚

471 885 729 931 constare
767 884 950 946 potest
988 893 1060 929 ex
1098 873 1417 930 Corollario
1453 881 1580 943 post
1616 873 1729 927 duo
1766 871 1957 941 priora
1994 870 2299 941 praemissa

472 969 768 1022 Lemmata
819 962 914 1018 [85]
966 966 1012 1020 si
1057 983 1256 1035 nempe
1302 964 1454 1035 ipsae
1500 964 1621 1028 AB,
1669 964 1774 1019 AC
1820 962 2144 1033 designatae
2191 961 2302 1015 sint

472 1059 828 1114 exactissime
864 1057 1139 1129 aequales,

591 1151 704 1207 Sed
736 1149 925 1220 aliqua
957 1148 1094 1204 oriri
1128 1156 1312 1219 potest
1345 1146 1638 1211 dubitatiO,
1673 1147 1719 1201 si
1752 1147 1866 1201 duo
1898 1145 1992 1200 alii
2026 1146 2098 1200 ad
2129 1163 2303 1215 quan-

472 1243 604 1297 dam
630 1242 867 1297 alteram
895 1242 1011 1295 FM
1041 1240 1175 1295 recti
1204 1239 1397 1311 anguli
1421 1240 1605 1303 LHF,
1634 1239 1818 1292 LHM
1858 1237 1981 1308 (fig.
2012 1235 2136 1307 41.)
2173 1254 2304 1290 con-

475 1334 737 1389 ferantur
768 1351 896 1389 cum
928 1331 1230 1403 praedictis
1264 1330 1428 1386 rectis
1462 1329 1684 1401 angulis
1719 1328 1900 1393 DAB,
1938 1327 2116 1383 DAC.
2191 1327 2305 1382 Ita-

473 1444 580 1496 que
611 1426 725 1480 HL
751 1424 1000 1495 aequalis
1029 1424 1102 1478 sit
1130 1423 1235 1493 ipsi
1265 1423 1394 1487 AD,
1425 1441 1491 1477 ac
1521 1440 1747 1477 rursum
1776 1418 2056 1491 posterior
2086 1420 2304 1490 integra

475 1518 690 1588 Figura
732 1517 810 1572 ita
852 1516 1200 1586 intelligatur
1243 1513 1546 1584 superponi
1589 1512 1782 1583 priori,
1826 1521 1889 1567 ut
1931 1519 2201 1582 punctum
2244 1510 2304 1565 H

473 1610 638 1664 cadat
669 1627 837 1678 super
867 1616 1138 1677 punctum
1169 1606 1239 1669 A,
1271 1615 1326 1660 et
1356 1614 1627 1676 punctum
1654 1604 1705 1657 L
1736 1622 1903 1673 super
1932 1611 2201 1673 punctum
2232 1602 2302 1656 D.

473 1701 604 1771 Jam
641 1700 720 1755 sic
758 1699 1109 1770 progredior.
1191 1699 1267 1752 Et
1305 1697 1488 1768 prima
1525 1696 1753 1767 quidem
1801 1695 1905 1766 (ex
1942 1694 2307 1765 praecedente

475 1791 800 1863 Lemmate)
840 1791 962 1861 ipsa
989 1791 1172 1845 FHM
1203 1807 1318 1844 non
1348 1787 1597 1860 praecise
1626 1787 1914 1858 continget
1943 1786 2179 1841 alteram
2209 1784 2307 1840 BC

476 1884 533 1938 in
560 1903 627 1939 eo
653 1892 861 1954 puncto
888 1882 958 1936 A.
1027 1883 1186 1953 Ergo
1212 1880 1300 1936 vel
1327 1879 1674 1935 adamussim
1701 1886 1994 1949 procurret
2022 1896 2189 1947 super
2214 1876 2307 1931 illa

477 1976 592 2040 BC,
633 1975 721 2030 vel
761 1975 998 2029 eandem
1039 1973 1116 2028 ita
1156 1972 1379 2036 secabit,
1420 1980 1482 2027 ut
1520 1989 1696 2026 unum
1736 1969 1862 2042 ejus
1902 1977 2172 2039 punctum
2211 1987 2309 2023 ex-

475 2077 721 2123 tremum
752 2087 802 2121 v.
841 2085 890 2137 g.
928 2066 976 2119 F
1008 2066 1175 2120 cadat
1206 2082 1392 2135 supra,
1428 2072 1482 2117 et
1515 2062 1755 2118 alterum
1789 2064 1853 2117 M
1887 2062 2167 2116 deorsum.
2248 2057 2306 2115 Si

475 2159 752 2230 primum:
796 2157 918 2228 jam
960 2157 1108 2211 clare
1148 2156 1419 2211 habemus
1463 2153 1883 2209 exactissimam
1925 2152 2073 2207 inter
2112 2169 2308 2207 omnes

479 2250 794 2306 rectilineos
827 2249 1066 2320 angulos
1100 2257 1280 2302 rectos
1313 2246 1710 2317 aequalitatem
1741 2244 2030 2299 intentam.
2085 2242 2165 2298 At
2195 2261 2309 2297 non

478 2343 816 2407 secundum;
854 2340 986 2410 quia
1024 2339 1103 2394 sic
1140 2338 1380 2409 angulus
1418 2338 1600 2401 LHF,
1639 2338 1746 2391 hoc
1782 2345 1866 2391 est
1903 2334 2083 2399 DAF,
2123 2335 2311 2389 minor

482 2434 633 2488 foret
663 2432 874 2504 angulo
904 2431 1085 2495 DAB,
1118 2430 1355 2501 ejusque
1386 2427 1676 2499 supposito
1705 2426 2062 2482 exactissime
2092 2424 2311 2496 aequali
