2456 4016
484 280 945 352 perpendiculum
986 281 1111 344 ΒΚ,
1157 289 1254 336 aut
1298 280 1421 344 ΒΧ,
1466 289 1633 350 atque
1675 279 1803 335 ideo
1844 277 2189 335 considerari
2233 277 2314 332 vi-

484 373 674 428 cissim
718 382 780 444 ut
825 372 1224 445 perpendicula
1270 372 1450 441 ipsam
1497 365 1637 435 ΑΒ,ι
1668 380 1722 426 et
1770 380 1979 426 rectam
2025 370 2313 440 aequalem

485 464 927 535 contrapositam
960 465 1082 528 KL,
1117 472 1214 519 aut
1245 464 1398 517 XR.>

602 557 840 611 Constat
876 555 1051 627 igitur
1084 554 1443 625 hypothesim
1478 555 1669 626 anguli
1709 554 1861 618 recti,
1900 554 1946 607 si
1982 553 2071 608 vel
2108 552 2165 607 in
2201 572 2315 608 uno

484 667 618 703 casu
642 648 714 703 sit
736 666 887 711 vera,
915 665 1135 717 semper
1159 646 1215 700 in
1240 646 1394 701 omni
1419 665 1552 701 casu
1577 646 1730 700 illam
1755 646 1934 700 solam
1960 663 2079 700 esse
2103 662 2310 699 veram.

485 740 657 811 Quod
691 749 811 794 erat
843 739 1364 794 demonstrandum.

1141 930 1544 977 PROPOSITIO
1574 931 1660 975 VI.

484 1037 547 1091 H
548 1037 840 1108 ypothesis
864 1038 1060 1109 anyuli
1085 1037 1288 1104 obtusi,
1314 1038 1365 1094 si
1388 1041 1478 1094 vel
1502 1038 1563 1094 in
1585 1049 1698 1094 uno
1728 1057 1861 1094 casu
1888 1047 1971 1093 est
1995 1056 2147 1103 vera,
2174 1055 2316 1093 sem-

637 1138 740 1199 per
769 1130 830 1184 in
864 1130 1019 1186 omni
1050 1149 1183 1185 casu
1214 1131 1312 1186 illa
1342 1132 1465 1186 sola
1497 1139 1581 1186 est
1612 1149 1762 1185 vera.

602 1279 1057 1334 Demonstratur.
1138 1278 1363 1334 Efficiat
1396 1278 1594 1349 juncta
1632 1279 1736 1335 CD
1783 1279 1907 1350 (fig.
1950 1276 2033 1348 5.)
2080 1278 2317 1348 angulos

484 1370 717 1425 obtusos
763 1389 891 1425 cum
935 1370 1156 1426 duobus
1201 1370 1492 1441 quibusvis
1538 1370 1863 1441 aequalibus
1907 1369 2319 1440 perpendiculis

486 1461 607 1526 AC,
653 1462 777 1526 BD,
820 1461 917 1517 uni
960 1462 1138 1517 cuivis
1182 1471 1366 1518 rectae
1408 1462 1513 1516 AB
1557 1462 1958 1517 insistentibus
2043 1461 2171 1516 Erit
2214 1461 2319 1517 CD

495 1553 599 1624 (ex
626 1554 795 1609 tertia
823 1553 1029 1624 hujus)
1066 1554 1257 1608 minor
1284 1554 1405 1624 ipsa
1433 1554 1554 1608 AB.
1631 1555 1943 1610 Sumantur
1970 1553 2029 1609 in
2058 1553 2179 1617 AC,
2212 1554 2318 1607 BD

485 1646 785 1715 protractis
820 1647 964 1701 duae
997 1646 1275 1716 quaelibet
1307 1646 1548 1701 invicem
1581 1645 1841 1716 aequales
1875 1645 2162 1716 portiones
2198 1645 2316 1709 CR,

492 1734 559 1789 [8]
585 1738 728 1803 DX;
754 1737 1140 1809 jungaturque
1158 1737 1284 1791 RX.
1327 1738 1457 1808 Jam
1482 1756 1695 1808 quaero
1719 1739 1787 1792 de
1813 1737 2035 1809 angulis
2061 1738 2133 1792 ad
2159 1736 2319 1807 junc-

485 1839 602 1884 tam
638 1829 767 1893 RX,
806 1829 900 1900 qui
936 1830 1130 1900 utique
1175 1830 1279 1900 (ex
1314 1829 1497 1900 prima
1531 1829 1739 1900 hujus)
1784 1829 2044 1899 aequales
2080 1828 2317 1883 invicem

485 1929 664 1976 erunt.
744 1921 805 1977 Si
840 1921 1026 1976 obtusi
1060 1930 1207 1986 sunt,
1244 1921 1514 1977 habemus
1550 1922 1842 1976 intentum.
1921 1920 2000 1975 At
2035 1920 2170 1975 recti
2204 1938 2318 1975 non

487 2022 645 2079 sunt;
698 2012 830 2083 quia
881 2013 960 2068 sic
1009 2032 1186 2069 unum
1237 2013 1571 2068 haberemus
1623 2032 1817 2069 casum
1867 2031 1971 2083 pro
2022 2011 2319 2084 hypothesi

486 2105 678 2176 anguli
732 2105 886 2169 recti,
939 2104 1033 2176 qui
1086 2105 1304 2161 nullum
1366 2105 1470 2175 (ex
1520 2104 1918 2185 praecedente)
1981 2104 2319 2175 relinqueret

486 2197 673 2252 locum
724 2216 828 2268 pro
879 2197 1175 2268 hypothesi
1230 2196 1422 2267 anguli
1474 2196 1676 2252 obtusi.
1774 2183 1886 2253 Sed
1937 2214 2117 2267 neque
2170 2196 2317 2251 acuti

487 2298 631 2344 sunt.
714 2289 867 2343 Nam
906 2288 984 2344 sic
1023 2297 1168 2344 esset
1207 2289 1319 2343 RX
1369 2288 1473 2359 (ex
1510 2288 1678 2344 tertia
1715 2288 1921 2359 hujus)
1970 2288 2160 2359 major
2199 2288 2318 2359 ipsa

487 2380 622 2447 AB;
648 2399 713 2435 ac
737 2389 1036 2451 propterea
1059 2380 1240 2436 multo
1265 2379 1457 2450 major
1483 2379 1603 2450 ipsa
1629 2380 1749 2436 CD.
1819 2381 1950 2434 Hoc
1976 2389 2165 2435 autem
2193 2380 2319 2435 sub-

487 2472 683 2527 sistere
707 2491 822 2527 non
846 2490 1009 2543 posse
1034 2472 1113 2527 sic
1138 2472 1468 2527 ostenditur.
1541 2472 1601 2528 Si
1627 2471 2073 2542 quadrilaterum
2099 2472 2319 2528 CDXR

487 2563 836 2635 intelligatur
860 2563 1079 2634 impleri
1106 2564 1271 2618 rectis
1297 2563 1751 2619 abscindentibus
1778 2564 1848 2618 ab
1874 2563 2008 2634 ipsis
2037 2564 2155 2628 CR,
2186 2563 2317 2627 DX,

486 2654 775 2725 portiones
809 2655 1049 2710 invicem
1083 2655 1360 2725 aequaleS,
1398 2655 1646 2725 implicat
1672 2654 1909 2717 ,transiri
1943 2674 1977 2710 a
2010 2663 2161 2710 recta
2196 2656 2316 2719 CD‚

488 2766 630 2819 quae
667 2747 857 2803 minor
895 2756 978 2802 est
1018 2748 1139 2818 ipsa
1178 2747 1300 2811 AB,
1342 2747 1413 2802 ad
1455 2747 1566 2801 RX
1608 2747 1804 2802 eadem
1843 2746 2141 2817 majorem,
2185 2746 2318 2817 quin
