2456 4016
1130 380 1626 429 COROLLARIUM.

581 505 712 561 Hoc
740 506 930 562 autem
960 514 1159 570 stante,
1192 506 1345 575 quod
1374 513 1660 575 postremo
1690 504 1814 559 loco
1845 504 2294 559 demonstratum

465 605 565 661 est,
600 596 906 652 manifeste
938 597 1317 667 consequitur,
1354 597 1495 651 duas
1529 596 1652 651 illas
1687 595 1818 659 AX,
1856 594 1980 659 ΒΧ,
2018 594 2077 649 in
2110 593 2295 648 infini-

464 697 587 744 tum
610 698 942 759 protractaS,
968 706 1266 743 commune
1291 688 1522 742 tandem
1545 687 1851 750 habituram,
1879 686 1968 741 vel
1993 685 2052 740 in
2077 685 2295 741 duobus

466 780 746 835 distinctis
775 780 1013 851 punctiS,
1045 780 1133 834 vel
1164 779 1222 833 in
1252 797 1383 843 un0,
1416 780 1724 849 eodemque
1755 786 1963 848 puncto
1994 777 2049 831 X
2081 776 2297 831 infinite

468 872 684 936 dissitO,
719 871 1195 942 perpendiculum.
1270 871 1522 925 Rursum
1552 888 1705 934 vem,
1740 871 1893 939 quod
1923 886 2038 923 non
2070 868 2128 922 in
2160 870 2299 924 duo-

467 965 570 1018 bus
613 963 890 1018 distinctis
932 963 1154 1032 punctis
1195 962 1387 1017 haberi
1429 963 1606 1032 possit
1647 979 1945 1016 commune
1986 960 2137 1015 istud
2178 978 2299 1030 per-

468 1056 845 1125 pendiculum,
888 1074 960 1109 ex
999 1073 1067 1109 eo
1105 1055 1411 1108 manifeste
1451 1054 1652 1124 liquet;
1693 1052 1825 1123 quia
1864 1061 2147 1107 caeterum
2197 1052 2299 1122 (ex

470 1147 600 1203 Cor.
642 1147 717 1201 ΙΙ.
758 1156 885 1217 post
921 1145 1148 1200 XXIII.
1190 1145 1395 1216 hujus)
1444 1145 1752 1215 inciperent
1788 1144 1918 1199 inde
1955 1144 2081 1198 illae
2119 1152 2301 1198 rectae

470 1238 711 1293 invicem
760 1237 1019 1302 dissilire,
1069 1247 1123 1292 et
1172 1238 1251 1292 sic
1297 1256 1478 1307 neque
1526 1238 1598 1292 ad
1647 1235 1926 1309 infinitam
1975 1235 2302 1290 distantiam

471 1330 617 1384 inter
645 1347 703 1385 se
732 1338 1133 1385 concurrerent
1148 1348 1160 1394 3
1189 1328 1325 1399 quin
1352 1329 1523 1383 etiam
1563 1329 1792 1399 (contra
1819 1345 2146 1397 expressam
2176 1345 2303 1396 sup-

472 1421 843 1491 positionem)
898 1439 1013 1475 non
1058 1421 1130 1475 ad
1176 1438 1235 1475 se
1280 1420 1537 1484 invicem,
1586 1419 1705 1474 sine
1751 1419 1866 1474 ullo
1911 1404 2065 1473 certo
2109 1418 2301 1474 limite,

473 1531 694 1583 semper
735 1512 918 1584 magis
962 1530 1159 1567 versus
1205 1530 1298 1567 eas
1343 1521 1530 1581 partes
1575 1511 1917 1566 accederent.
2005 1509 2203 1579 Itaque
2248 1510 2304 1564 in

474 1623 604 1669 un0‚
642 1607 952 1674 eodemque
986 1613 1195 1674 puncto
1230 1604 1284 1657 X
1322 1599 1537 1657 infinite
1573 1602 1772 1657 dissito
1807 1620 2103 1656 commune
2140 1601 2305 1656 habe-

476 1706 599 1751 rent
631 1695 1106 1766 perpendiculum.
1151 1691 1246 1747 [63]

1086 1950 1487 1996 PROPOSITIO
1523 1950 1705 1995 XXIX.

480 2079 791 2149 Resumpta
813 2080 908 2151 fiy.
947 2080 1104 2151 (33.)
1137 2079 1524 2150 praecedentis
1546 2078 1994 2150 Propositiouis:
2020 2077 2164 2134 Dico
2194 2096 2310 2134 om-

634 2189 763 2225 nem
815 2180 1026 2226 rectam
1077 2172 1203 2238 AC,
1257 2190 1401 2241 quae
1450 2180 1600 2226 secet
1651 2172 1920 2242 auyulum
1972 2170 2157 2236 BAX,
2212 2169 2310 2224 ali-

633 2264 860 2333 quando
885 2264 960 2318 ad
978 2262 1218 2334 finitam,
1242 2282 1343 2318 seu
1366 2263 1723 2318 terminatam
1748 2261 2074 2317 distantiam
2111 2261 2310 2333 (etiam

634 2354 695 2409 iu
736 2354 1036 2427 hypothesi
1077 2354 1273 2425 anyuli
1314 2353 1495 2425 acuti)
1549 2372 1909 2410 occursuram
1953 2353 2062 2424 ipsi
2101 2354 2212 2407 ΒΧ
2253 2352 2313 2408 in

635 2447 882 2516 quodam
909 2455 1117 2517 puncto
1144 2447 1211 2512 P,
1241 2447 1376 2501 dum
1404 2454 1605 2517 nempe
1630 2444 1728 2501 illa
1751 2445 1857 2502 AC
1885 2454 2108 2516 semper
2132 2444 2314 2515 mayis

636 2539 1004 2607 protrahatur
1043 2556 1242 2593 versus
1281 2545 1471 2607 partes
1510 2545 1850 2608 punctorum
1892 2537 1964 2591 X.

602 2671 1056 2726 Demonstratur.
1133 2671 1209 2725 Et
1242 2670 1426 2740 primo
1461 2670 1689 2740 quidem
1733 2670 1834 2742 (ne
1869 2680 2020 2726 recta
2052 2670 2158 2727 AC
2191 2688 2313 2741 spa-

484 2762 628 2831 tium
652 2762 878 2817 claudat
902 2780 1031 2817 cum
1056 2781 1123 2817 ea
1148 2760 1295 2832 AX)
1331 2770 1588 2817 occurret
1613 2761 1734 2831 ipsa
1760 2763 1833 2817 ad
1861 2761 2079 2817 finitam
2105 2761 2316 2818 distan-

486 2853 625 2909 tiam
653 2853 818 2909 rectis
844 2853 972 2918 LK,
1005 2853 1144 2917 HK,
1176 2854 1292 2908 DK
1319 2853 1377 2907 in
1405 2852 1743 2923 quibusdam
1768 2852 1990 2923 punctis
2020 2854 2082 2918 C,
2115 2853 2189 2918 N,
2221 2853 2316 2919 M;

487 2954 760 3010 occurret,
805 2944 1052 3015 inquam,
1095 2944 1204 2999 nisi
1247 2953 1412 2999 antea
1464 2944 1569 3015 (ad
1612 2943 1831 2999 finitam
1871 2944 2064 3015 utique
2106 2944 2318 3000 distan-

488 3036 644 3102 tiam,
697 3046 866 3107 prout
918 3035 1294 3106 intendimus)
1355 3044 1615 3091 occurrat
1666 3035 1772 3105 ipsi
1824 3035 1932 3090 ΒΧ
2002 3035 2060 3090 in
2128 3035 2318 3106 aliquo

488 3137 698 3199 puncto
732 3127 879 3183 inter
912 3137 1183 3198 punctum
1219 3128 1283 3192 B,
1321 3136 1377 3182 et
1410 3145 1589 3182 unum
1623 3126 1853 3197 aliquod
1888 3135 2226 3197 punctorum
2261 3127 2318 3182 K

490 3219 813 3276 constituto,
891 3219 1113 3282 Deinde
1156 3219 1261 3290 (ex
1296 3219 1426 3275 Cor.
1465 3218 1509 3272 Ι.
1546 3227 1675 3288 post
1708 3217 1935 3273 XXIII.
1973 3217 2180 3290 hujus)
2222 3219 2320 3274 ob-
2405 3283 2406 3286 Ἰ

490 3311 601 3367 tusi
636 3320 802 3368 erunt
834 3310 1026 3383 anguli
1061 3310 1244 3376 ACK,
1281 3310 1475 3374 ANK,
1513 3309 1715 3364 AMK.
1793 3310 2095 3366 Praeterea
2128 3310 2319 3381 anguli

492 3403 601 3468 isti,
644 3421 864 3473 semper
900 3402 1103 3466 obtusi,
1144 3403 1410 3457 accedent
1458 3401 1562 3472 (ex
1600 3400 1998 3472 praecedente)
2047 3400 2167 3457 sine
2206 3401 2322 3458 ullo

1374 3517 1442 3557 156
