2456 4016
458 309 678 365 niendis
711 310 932 380 punctis
967 311 1112 365 inter
1145 319 1352 380 puncta
1386 311 1447 375 C,
1484 319 1538 366 et
1571 312 1644 375 K,
1678 311 1828 372 idem
1861 311 2032 366 etiam
2063 312 2286 368 unifor-

460 402 628 456 miter
657 402 806 457 valet
838 421 940 471 pro
973 402 1324 457 inveniendis
1356 401 1575 472 punctis
1609 402 1754 457 inter
1785 412 1990 472 puncta
2024 405 2094 468 K,
2129 412 2184 459 et
2215 405 2286 467 D,

462 493 670 547 scilicet
719 491 1028 547 cur-[88]va
1080 494 1261 557 CKD,
1315 512 1581 548 enascens
1631 512 1703 547 ex
1751 494 2047 565 hypothesi
2099 495 2289 565 anguli

460 584 625 649 acuti,
667 593 750 639 est
787 585 933 639 linea
972 585 1217 655 jungens
1255 584 1641 640 extremitates
1680 586 1933 640 omnium
1972 587 2288 656 aequalium

463 677 991 746 perpendiculorum
1021 695 1188 746 super
1215 677 1412 731 eadem
1438 677 1557 731 basi
1586 695 1782 732 versus
1811 679 2047 731 eandem
2075 687 2292 747 partem

461 777 794 832 erectorum,
830 787 971 837 quae
1004 768 1197 837 utique
1228 768 1420 822 venire
1452 778 1688 838 possunt
1721 769 1823 823 sub
1855 768 2082 824 nomine
2116 779 2292 824 recta-

464 878 589 914 rum
616 860 922 914 ordinatim
949 859 1355 928 applicatarum
1372 878 1383 925 ;
1412 868 1510 924 est,
1541 860 1786 929 inquam,
1816 860 1962 915 linea
1990 860 2290 930 ejusmodi,

464 969 605 1021 quae
644 960 873 1020 propter
911 951 1106 1020 ipsam,
1146 970 1218 1005 ex
1255 970 1365 1020 qua
1401 951 1667 1015 nascitur,
1706 952 2063 1022 hypothesim
2101 952 2291 1023 anguli

463 1043 628 1106 acuti,
672 1061 890 1111 semper
929 1051 1012 1096 est
1052 1061 1189 1097 cava
1227 1061 1424 1097 versus
1465 1052 1651 1112 partes
1692 1043 2104 1113 contrapositae
2144 1043 2292 1098 basis

464 1133 584 1188 AB.
675 1134 846 1204 Quod
892 1132 1120 1203 quidem
1165 1135 1271 1188 hoc
1316 1134 1439 1189 loco
1487 1134 1904 1199 declarandum,
1953 1154 2017 1190 ac
2064 1136 2293 1190 demon-

465 1227 761 1280 strandum
791 1245 823 1280 a
852 1225 1014 1280 nobis
1047 1234 1181 1281 erat.

1062 1454 1463 1500 PROPOSITIO
1496 1455 1699 1501 XXXV.

465 1560 533 1617 Si
558 1580 630 1616 ex
657 1560 906 1632 quolibet
931 1570 1138 1632 puncto
1168 1563 1214 1615 L
1246 1561 1394 1617 basis
1418 1563 1525 1616 ΑΒ
1558 1561 1861 1618 ordinatim
1890 1562 2199 1634 applicetur
2225 1564 2296 1619 ad

620 1672 741 1707 eam
772 1672 1002 1708 curvom
1031 1655 1078 1710 C
1081 1655 1197 1707 ΚΖ)
1227 1663 1379 1709 recta
1407 1655 1505 1708 LF
1525 1674 1535 1709 :
1566 1653 1708 1709 Dico
1738 1663 1948 1710 rectam
1977 1656 2036 1709 N
2039 1656 2147 1709 FX
2173 1664 2296 1725 per-

618 1744 1037 1815 pendicularem
1067 1744 1176 1815 ipsi
1203 1747 1304 1799 LF
1334 1747 1532 1801 cadere
1565 1755 1739 1801 totam
1772 1766 1843 1801 ex
1872 1755 2108 1817 utraque
2139 1756 2297 1817 parte

621 1838 823 1891 debere
848 1856 1047 1892 versus
1070 1846 1260 1907 partes
1287 1856 1570 1892 convexas
1597 1838 1852 1909 ejusdem
1883 1858 2102 1905 curvae,
2133 1848 2298 1910 atque

620 1927 747 1983 ideo
787 1948 909 1984 eam
946 1929 1078 2000 fore
1116 1928 1373 2000 ejusdem
1412 1949 1617 1985 curvae
1655 1938 1992 2000 tangentem.

584 2047 1040 2103 Demonstratur.
1124 2048 1184 2104 Si
1224 2048 1375 2102 enim
1413 2048 1532 2103 fieri
1571 2057 1769 2119 potest,
1811 2051 1974 2104 cadat
2013 2051 2298 2120 quoddam

468 2148 738 2209 punctum
775 2139 831 2193 X
879 2139 1001 2211 (fig.
1042 2139 1166 2210 43.)
1213 2139 1387 2209 ipsius
1425 2141 1534 2194 NF
1537 2141 1592 2194 X
1629 2140 1777 2196 intra
1813 2141 2112 2196 cavitatem
2147 2142 2299 2212 ejus-

469 2232 597 2286 dem
628 2250 848 2286 curvae.
923 2231 1271 2286 Demittatur
1301 2250 1373 2286 ex
1402 2241 1610 2301 puncto
1640 2232 1695 2286 X
1727 2233 1798 2287 ad
1828 2233 2007 2287 basim
2039 2233 2143 2287 AB
2176 2252 2300 2303 per-

468 2322 844 2392 pendicularis
875 2323 999 2386 XF,
1030 2342 1172 2393 quae
1201 2331 1486 2392 protracta
1513 2342 1612 2393 per
1639 2324 1694 2377 X
1723 2334 1981 2379 occurrat
2009 2344 2213 2380 curvae
2242 2325 2299 2379 in

469 2415 716 2484 quodam
745 2423 953 2484 puncto
981 2415 1048 2469 R.
1116 2415 1247 2485 Jam
1275 2414 1367 2469 sic.
1439 2414 1507 2468 In
1536 2415 1917 2484 quadrilatero
1944 2417 2157 2470 LFXP
2186 2436 2299 2471 non

470 2505 576 2561 erit
610 2506 850 2576 angulus
886 2505 943 2559 in
976 2515 1184 2575 puncto
1217 2507 1273 2560 X
1307 2515 1404 2561 aut
1437 2515 1637 2570 rectUS,
1675 2516 1771 2561 aut
1805 2508 2067 2563 obtusus:
2106 2509 2301 2564 Caete-

472 2615 598 2653 rum
638 2597 740 2667 (ex
773 2595 820 2652 5.
853 2606 907 2652 et
937 2598 985 2652 6.
1020 2596 1226 2667 hujus)
1266 2597 1650 2652 destrueretur
1680 2617 1944 2667 praesens
1976 2599 2300 2669 hypothesis

470 2689 661 2759 anguli
692 2688 855 2743 acuti.
908 2690 1065 2759 Ergo
1094 2689 1412 2758 praedictus
1443 2689 1682 2759 angulus
1712 2689 1818 2744 erit
1847 2699 2057 2745 acutus.
2110 2691 2301 2760 Quare

472 2780 578 2835 erit
606 2781 711 2835 PX
750 2781 853 2850 (ex
882 2781 1011 2836 Cor.
1042 2780 1084 2834 Ι.
1116 2789 1242 2850 post
1270 2782 1318 2835 3.
1350 2780 1557 2851 hujus)
1594 2790 1647 2835 et
1674 2780 1753 2835 sic
1779 2781 1958 2836 multo
1986 2783 2167 2853 magis
2199 2784 2300 2837 PR

471 2871 662 2942 major
701 2872 821 2942 ipsa
858 2873 973 2926 LF.
1037 2871 1188 2926 ¹Hoc
1228 2881 1416 2927 autem
1457 2872 1764 2927 absurdum
1805 2881 1887 2927 est
1938 2873 2041 2943 (ex
2079 2892 2301 2942 praece-

474 2963 670 3034 dente)
705 2973 902 3018 contra
926 2973 1190 3019 naturam
1216 2963 1377 3019 istius
1403 2982 1622 3018 curvae.
1692 2962 1890 3033 Itaque
1918 2964 2012 3019 illa
2041 2965 2148 3019 NF
2174 2984 2302 3036 pro-
