2456 4016
431 321 808 392 pendiculum,
847 340 912 377 ac
947 329 1245 392 propterea
1281 339 1424 392 quae
1460 320 1628 392 juxta
1664 329 2013 391 assumptam
2049 320 2263 376 Defini-

431 413 646 469 tionem
687 413 986 484 parallelae
1027 430 1143 467 non
1185 411 1313 477 sint,
1358 412 1597 468 debeant
1638 412 1791 484 ipsae
1834 412 1892 466 in
1934 412 2262 467 alterutram

432 513 651 574 partem
687 523 906 575 semper
941 504 1124 575 magis
1160 512 1479 574 protractae
1514 503 1661 559 inter
1695 522 1753 559 se
1789 503 2094 574 aliquando
2129 502 2265 558 inci-

432 598 581 661 dere,
622 596 668 650 si
705 615 820 651 non
857 597 929 651 ad
973 591 1068 647 [55]
1114 594 1349 659 finitam,
1390 595 1589 650 saltem
1624 596 1697 650 ad
1735 594 2015 649 infinitam
2052 594 2264 649 distan-

431 687 585 742 tiam.
673 688 825 742 Nam
869 705 1097 742 rursum
1141 687 1532 742 demonstrare
1575 694 1877 757 oporteret,
1924 687 2077 756 quod
2121 686 2264 742 duae

432 779 710 850 quaelibet
746 780 803 833 in
840 780 1040 833 eodem
1074 778 1243 848 plano
1280 777 1601 843 existenteS‚
1640 778 1699 832 in
1734 795 1873 848 quas
1911 786 2062 832 recta
2097 795 2265 847 quae-

430 871 583 941 piam
627 870 879 925 incidens
923 871 1066 925 duos
1110 871 1183 925 ad
1226 870 1455 924 easdem
1497 878 1685 940 partes
1730 869 1982 923 internos
2026 868 2264 939 angulos

431 962 634 1017 efficiat
660 962 909 1016 minores
939 961 1158 1017 duobus
1187 960 1369 1025 rectiS‚
1399 979 1679 1031 nusquam
1707 960 1838 1015 alibi
1867 959 2085 1030 possint
2112 959 2264 1030 ipsae

432 1053 678 1124 recipere
746 1071 1045 1108 commune
1113 1053 1588 1123 perpendiculum.
1682 1051 1853 1122 Quod
1902 1059 2107 1115 autem,
2159 1052 2264 1106 hoc

431 1146 837 1209 demonstratO,
865 1144 1223 1200 exactissime
1247 1143 1565 1199 stabiliatur
1589 1142 1914 1201 Geometria
1940 1142 2262 1201 Euclidaea.

431 1237 588 1292 infra
616 1236 909 1292 constabit.

1039 1421 1441 1468 PROPOSITIO
1479 1420 1659 1467 XXVI.

432 1545 498 1602 Si
534 1544 855 1616 praedictae
891 1544 1025 1611 AX,
1065 1544 1177 1598 ΒΧ
1225 1544 1349 1615 (fiy.
1394 1544 1517 1615 31.)
1567 1543 1718 1599 coire
1756 1541 1983 1614 quidem
2021 1540 2170 1598 inter
2205 1559 2266 1597 se

586 1638 842 1704 debeant,
872 1637 973 1691 sed
1001 1655 1115 1691 non
1144 1635 1255 1691 nisi
1281 1636 1354 1691 ad
1381 1634 1661 1706 infinitam
1692 1635 1998 1690 earundem
2026 1634 2265 1704 produc-

588 1728 798 1784 tionem
847 1746 1047 1783 versus
1091 1736 1282 1798 partes
1327 1735 1667 1798 punctorum
1717 1726 1804 1781 X:
1854 1724 1998 1780 Dico
2049 1726 2263 1780 nullum

585 1821 717 1892 fore
750 1818 1091 1890 assignabile
1120 1827 1392 1889 punctum
1425 1819 1457 1873 I
1488 1817 1549 1873 in
1579 1816 1704 1888 ipsa
1733 1817 1859 1883 AB,
1895 1836 1968 1872 ex
1999 1835 2110 1887 quo
2142 1825 2264 1887 per-

585 1910 966 1982 pendicularis
1018 1911 1220 1966 educta
1269 1928 1470 1965 versus
1518 1917 1708 1979 partes
1757 1907 1936 1979 ipsius
1983 1908 2101 1962 AX
2151 1926 2264 1963 non

588 2012 847 2059 occurrat
869 2004 941 2058 ad
962 2001 1201 2073 finitam,
1225 2020 1327 2057 seu
1351 2001 1707 2056 terminatam
1732 1998 2059 2056 distantiam
2085 1999 2262 2055 eidem

584 2095 703 2149 AX
729 2094 790 2150 in
817 2093 1005 2166 aliquo
1033 2101 1242 2165 puncto
1272 2093 1337 2148 F.

549 2243 1003 2297 Demonstratur.
1110 2240 1263 2295 Nam
1334 2239 1438 2310 (ex
1498 2239 1865 2309 praecedente
1926 2237 2256 2309 hypothesi)

432 2353 608 2391 unum
644 2334 874 2405 aliquod
910 2332 1018 2389 erit
1055 2332 1112 2387 in
1149 2332 1273 2414 ipso
1310 2330 1424 2386 AX
1460 2339 1731 2402 punctum
1770 2329 1843 2394 N,
1883 2349 1956 2385 ex
1992 2347 2105 2400 quo
2142 2347 2261 2400 per·
