2456 4016
405 324 581 378 libens
624 322 906 394 permitt0‚
952 323 1104 393 quod
1149 322 1423 392 postulat3
1468 341 1595 377 cum
1641 322 1790 378 istud
1835 321 2035 392 ipsum,
2082 322 2232 393 quod

405 416 476 470 ab
515 434 584 469 eo
625 414 1137 470 indemonstratum
1180 413 1530 484 relinquitur,
1574 414 1809 485 intelligi
1852 413 2030 484 possit
2070 431 2234 468 exac-

403 505 619 561 tissime
652 524 684 561 a
716 524 806 560 me
839 507 1290 560 demonstratum
1321 505 1379 559 in
1412 505 1541 561 Cor.
1578 505 1653 559 ΙΙ.
1688 513 1816 575 post
1849 505 1899 560 3.
1935 503 2123 574 hujus.

420 592 422 594 '
521 596 783 652 Alterum
820 595 1192 651 Nassaradini
1231 596 1589 651 Postulatum
1622 605 1706 651 est
1741 595 2089 665 reciprocum
2123 595 2234 666 pri-

402 687 510 753 mi;
537 696 598 743 ut
624 706 823 758 nempe
850 696 1047 742 acutus
1074 705 1293 757 semper
1319 686 1390 741 sit
1417 687 1657 758 angulus
1684 704 1881 742 versus
1908 704 2002 741 eas
2029 695 2232 756 parteS‚

411 775 506 829 [39]
543 780 614 833 ad
645 798 783 848 quas
814 778 933 848 jam
964 779 1146 833 dictae
1176 778 1663 848 perpendiculares
1695 786 2084 848 supponantur
2114 777 2233 832 fieri

405 888 625 940 semper
661 871 978 935 breviores;
1014 869 1248 924 obtusus
1285 878 1473 925 autem
1510 887 1707 924 versus
1745 869 1883 924 alias
1920 877 2122 939 parteS‚
2164 870 2235 923 ad

404 980 543 1031 quas
569 963 797 1016 eaedem
824 961 1313 1031 perpendiculares
1340 970 1728 1031 supponantur
1754 962 1992 1016 evadere
2013 955 2235 1031 'semper

405 1053 705 1123 longiores.

522 1145 740 1199 Verum
785 1145 874 1198 hic
918 1145 1053 1199 latet
1098 1144 1501 1214 aequivocatio.
1591 1145 1707 1199 Cur
1751 1144 1901 1198 enim
1957 1144 2123 1214 (dum
2169 1143 2238 1198 ab

406 1255 518 1290 una
556 1235 745 1305 aliqua
782 1245 993 1291 statuta
1030 1245 1301 1305 tanquam
1340 1236 1521 1306 prima
1560 1235 2007 1306 perpendiculari
2046 1253 2237 1305 proce-

406 1328 574 1381 datur
610 1328 682 1381 ad
721 1327 891 1397 alias)
939 1327 1402 1397 consequentium
1441 1326 1989 1397 perpendicularium
2026 1325 2235 1398 anguli„

406 1419 478 1472 ad
514 1420 751 1473 eandem
787 1428 1005 1488 partem
1041 1419 1205 1483 acuti,
1243 1437 1358 1473 non
1395 1419 1532 1474 fiant
1567 1436 1787 1488 semper
1820 1418 2088 1488 majoreS‚
2126 1435 2239 1488 quo

406 1527 584 1579 usque
628 1510 911 1565 incidatur
955 1510 1012 1564 in
1057 1511 1328 1581 angulum
1375 1519 1605 1574 rectum,
1653 1509 1923 1564 nimirum
1968 1510 2025 1563 in
2069 1508 2237 1564 talem

406 1600 944 1671 perpendicularem,
997 1620 1139 1672 quae
1191 1602 1311 1671 ipsa
1361 1601 1432 1656 sit
1483 1601 1775 1671 utriusque
1825 1600 2237 1671 praedictarum

408 1701 689 1747 rectarum
725 1712 1022 1748 commune
1059 1693 1558 1763 perpendiculum?
1633 1693 1708 1747 Et
1744 1693 1895 1747 istud
1930 1692 2157 1762 quidem
2194 1691 2238 1746 si

407 1783 639 1848 accidat,
679 1784 962 1839 evanescit
996 1785 1275 1839 latebrosa
1312 1784 1419 1840 ista
1454 1784 1828 1839 Nassaradini
1866 1783 2236 1854 praeparati0‚

407 1884 707 1945 postquam
734 1875 1023 1947 ingeniose
1050 1876 1294 1946 quidem,
1325 1877 1422 1930 sed
1448 1894 1657 1947 magno
1682 1894 1809 1930 cum
1835 1875 2026 1930 labore
2053 1874 2238 1930 Eucli—

408 1968 613 2022 daeum
650 1967 1097 2022 Pronunciatum
1133 1968 1498 2022 demonstrat.

524 2058 697 2129 Quod
736 2059 781 2112 si
824 2059 1247 2114 Nassaradinus
1287 2059 1415 2130 jure
1455 2060 1702 2129 quodam
1742 2045 1845 2114 suo
1883 2076 2240 2129 praesumere

408 2150 542 2205 velit
564 2159 836 2221 tanquam
859 2169 959 2221 per
982 2169 1040 2205 se
1065 2159 1260 2206 notam
1284 2150 1708 2206 consistentiam
1732 2151 1885 2205 illam
1909 2151 1981 2205 ad
2005 2151 2240 2205 eandem

408 2250 627 2311 partem
654 2242 995 2313 angulorum
1022 2252 1347 2298 acutorum:
1379 2242 1496 2298 Cur
1522 2260 1636 2297 non
1664 2242 1834 2297 etiam
1870 2235 2087 2313 (dicam
2114 2260 2240 2297 cum

408 2333 683 2403 Vallisio)
718 2333 934 2404 concipi
959 2343 1144 2404 potest
1167 2343 1438 2404 tanquam
1463 2352 1561 2404 per
1586 2351 1644 2388 se
1669 2334 1913 2389 clarum:
1940 2333 2103 2388 Duas
2125 2351 2239 2388 rec-

410 2424 578 2479 tasin
602 2426 799 2480 eodem
821 2425 990 2495 plano
1017 2433 1422 2495 converyentes
1456 2425 1545 2496 (in
1570 2443 1709 2495 quas
1732 2443 1932 2495 nempe
1956 2424 2066 2480 alia
2092 2434 2239 2480 recta

410 2515 662 2571 incidens
699 2518 843 2572 duos
880 2517 953 2571 ad
991 2518 1217 2572 easdem
1255 2525 1441 2587 partes
1479 2517 1718 2588 angulos
1755 2516 1958 2571 efficiat
1993 2516 2241 2571 minores

410 2607 629 2663 duobus
668 2607 849 2672 rectiS,
888 2617 950 2663 ut
986 2617 1122 2678 puta
1157 2626 1335 2663 unum
1372 2617 1601 2672 rectum,
1640 2617 1695 2663 et
1731 2608 1972 2664 alterum
2008 2625 2242 2678 quomo-

411 2698 620 2754 dolibet
651 2698 911 2770 acutum)
955 2699 1180 2754 tandem
1214 2717 1562 2765 occursuras,
1594 2698 1645 2754 si
1671 2700 2097 2770 producantur?
2128 2699 2241 2754 Ne-

412 2809 519 2860 que
554 2790 705 2845 enim
738 2791 945 2861 opponi
982 2799 1181 2860 potest,
1220 2792 1371 2860 quod
1405 2791 1596 2861 major
1632 2791 1739 2846 ista
1774 2792 1846 2846 ad
1880 2809 2022 2846 unas
2055 2800 2242 2862 partes

411 2882 812 2953 convergentia
848 2881 1149 2937 subsistere
1185 2900 1405 2952 semper
1438 2882 1614 2952 possit
1650 2882 1799 2937 intra
1833 2883 2115 2953 quendam
2150 2883 2242 2937 de-

411 2973 778 3028 terminatum
815 2972 1068 3037 limitem,
1109 2975 1250 3028 adeo
1287 2982 1349 3029 ut
1387 2992 1585 3044 nempe
1621 2982 1780 3029 tanta
1817 2974 2095 3044 quaedam
2132 2972 2243 3029 dis-

413 3064 592 3120 tantia
638 3064 785 3119 inter
828 3082 922 3119 eas
968 3065 1144 3119 lineas
1190 3066 1261 3119 ad
1307 3083 1432 3119 eam
1477 3074 1695 3136 partem
1742 3082 1960 3135 semper
2005 3063 2241 3128 intersit,

413 3155 634 3211 etiamsi
666 3155 1028 3227 caeteroquin
1060 3175 1172 3212 una
1203 3157 1275 3211 ad
1309 3156 1544 3211 alteram
1577 3174 1797 3226 semper
1828 3156 2058 3226 propius
2090 3173 2244 3211 acce-

1297 3558 1364 3583 102
