<?xml version="1.0" encoding="UTF-8"?>
<!DOCTYPE html PUBLIC "-//W3C//DTD XHTML 1.0 Transitional//EN"
    "http://www.w3.org/TR/xhtml1/DTD/xhtml1-transitional.dtd">
<html xmlns="http://www.w3.org/1999/xhtml" xml:lang="en" lang="en">
 <head>
  <title>
</title>
<meta http-equiv="Content-Type" content="text/html;charset=utf-8" />
  <meta name='ocr-system' content='tesseract 3.04.00' />
  <meta name='ocr-capabilities' content='ocr_page ocr_carea ocr_par ocr_line ocrx_word'/>
</head>
<body>
  <div class='ocr_page' id='page_1' title='image "./giroeuclvindicat00saccrich_0066.png"; bbox 0 0 2456 4016; ppageno 0'>
   <div class='ocr_carea' id='block_1_1' title="bbox 420 296 2253 3299">
    <p class='ocr_par' dir='ltr' id='par_1_1' title="bbox 420 296 2253 1191">
     <span class='ocr_line' id='line_1_1' title="bbox 422 296 2251 368; baseline -0.001 -17"><span class='ocrx_word' id='word_1_1' title='bbox 422 296 931 366; x_wconf 84' lang='lat' dir='ltr'>superpositionem</span> <span class='ocrx_word' id='word_1_2' title='bbox 963 296 1328 367; x_wconf 87' lang='lat' dir='ltr'>quadrilateri</span> <span class='ocrx_word' id='word_1_3' title='bbox 1361 296 1578 353; x_wconf 90' lang='lat' dir='ltr'><strong>ABDC</strong></span> <span class='ocrx_word' id='word_1_4' title='bbox 1608 314 1776 367; x_wconf 87' lang='lat' dir='ltr'>super</span> <span class='ocrx_word' id='word_1_5' title='bbox 1807 296 2251 368; x_wconf 84' lang='lat' dir='ltr'><strong>quadrilaterum</strong></span> 
     </span>
     <span class='ocr_line' id='line_1_2' title="bbox 423 387 2251 459; baseline 0 -17"><span class='ocrx_word' id='word_1_6' title='bbox 423 387 661 451; x_wconf 92' lang='lat' dir='ltr'>CDXR‚</span> <span class='ocrx_word' id='word_1_7' title='bbox 703 387 955 442; x_wconf 91' lang='lat' dir='ltr'>adhibita</span> <span class='ocrx_word' id='word_1_8' title='bbox 993 387 1279 443; x_wconf 89' lang='lat' dir='ltr'>communi</span> <span class='ocrx_word' id='word_1_9' title='bbox 1318 387 1437 442; x_wconf 91' lang='lat' dir='ltr'>basi</span> <span class='ocrx_word' id='word_1_10' title='bbox 1479 388 1599 444; x_wconf 88' lang='lat' dir='ltr'>CD.</span> <span class='ocrx_word' id='word_1_11' title='bbox 1681 388 1902 443; x_wconf 86' lang='lat' dir='ltr'><strong>Deinde</strong></span> <span class='ocrx_word' id='word_1_12' title='bbox 1941 387 2251 459; x_wconf 89' lang='lat' dir='ltr'>elegantius</span> 
     </span>
     <span class='ocr_line' id='line_1_3' title="bbox 423 478 2251 550; baseline 0 -17"><span class='ocrx_word' id='word_1_13' title='bbox 423 478 502 533; x_wconf 91' lang='lat' dir='ltr'>sic</span> <span class='ocrx_word' id='word_1_14' title='bbox 528 478 867 549; x_wconf 85' lang='lat' dir='ltr'><strong>proceditur.</strong></span> <span class='ocrx_word' id='word_1_15' title='bbox 936 479 1262 550; x_wconf 89' lang='lat' dir='ltr'>Jungantur</span> <span class='ocrx_word' id='word_1_16' title='bbox 1289 478 1419 543; x_wconf 86' lang='lat' dir='ltr'>AD,</span> <span class='ocrx_word' id='word_1_17' title='bbox 1450 479 1575 533; x_wconf 91' lang='lat' dir='ltr'>RD.</span> <span class='ocrx_word' id='word_1_18' title='bbox 1648 479 1886 536; x_wconf 80' lang='lat' dir='ltr'>Constat</span> <span class='ocrx_word' id='word_1_19' title='bbox 1922 479 2026 550; x_wconf 85' lang='lat' dir='ltr'>(ex</span> <span class='ocrx_word' id='word_1_20' title='bbox 2053 487 2251 549; x_wconf 89' lang='lat' dir='ltr'>quarta</span> 
     </span>
     <span class='ocr_line' id='line_1_4' title="bbox 422 569 2250 641; baseline 0 -18"><span class='ocrx_word' id='word_1_21' title='bbox 422 569 622 641; x_wconf 90' lang='lat' dir='ltr'>primi)</span> <span class='ocrx_word' id='word_1_22' title='bbox 659 571 918 640; x_wconf 90' lang='lat' dir='ltr'>aequales</span> <span class='ocrx_word' id='word_1_23' title='bbox 949 570 1076 625; x_wconf 81' lang='lat' dir='ltr'>fore</span> <span class='ocrx_word' id='word_1_24' title='bbox 1103 570 1160 624; x_wconf 94' lang='lat' dir='ltr'>in</span> <span class='ocrx_word' id='word_1_25' title='bbox 1186 570 1485 641; x_wconf 84' lang='lat' dir='ltr'>triangulis</span> <span class='ocrx_word' id='word_1_26' title='bbox 1513 570 1693 635; x_wconf 87' lang='lat' dir='ltr'><strong>ACD,</strong></span> <span class='ocrx_word' id='word_1_27' title='bbox 1723 571 1903 635; x_wconf 91' lang='lat' dir='ltr'><strong>RCD,</strong></span> <span class='ocrx_word' id='word_1_28' title='bbox 1932 571 2092 625; x_wconf 87' lang='lat' dir='ltr'>bases</span> <span class='ocrx_word' id='word_1_29' title='bbox 2120 569 2250 634; x_wconf 89' lang='lat' dir='ltr'>AD,</span> 
     </span>
     <span class='ocr_line' id='line_1_5' title="bbox 423 661 2253 733; baseline 0.001 -18"><span class='ocrx_word' id='word_1_30' title='bbox 423 661 550 726; x_wconf 91' lang='lat' dir='ltr'>RD,</span> <span class='ocrx_word' id='word_1_31' title='bbox 582 670 749 732; x_wconf 92' lang='lat' dir='ltr'>atque</span> <span class='ocrx_word' id='word_1_32' title='bbox 778 662 913 716; x_wconf 91' lang='lat' dir='ltr'>item</span> <span class='ocrx_word' id='word_1_33' title='bbox 941 662 1180 733; x_wconf 90' lang='lat' dir='ltr'>angulos</span> <span class='ocrx_word' id='word_1_34' title='bbox 1211 661 1391 726; x_wconf 88' lang='lat' dir='ltr'><strong>CDA,</strong></span> <span class='ocrx_word' id='word_1_35' title='bbox 1423 662 1600 726; x_wconf 86' lang='lat' dir='ltr'><strong>CDR,</strong></span> <span class='ocrx_word' id='word_1_36' title='bbox 1633 681 1696 717; x_wconf 91' lang='lat' dir='ltr'>ac</span> <span class='ocrx_word' id='word_1_37' title='bbox 1725 671 2022 732; x_wconf 89' lang='lat' dir='ltr'>propterea</span> <span class='ocrx_word' id='word_1_38' title='bbox 2050 680 2253 732; x_wconf 91' lang='lat' dir='ltr'>aequa-</span> 
     </span>
     <span class='ocr_line' id='line_1_6' title="bbox 421 752 2248 824; baseline 0.001 -18"><span class='ocrx_word' id='word_1_39' title='bbox 421 753 500 807; x_wconf 87' lang='lat' dir='ltr'>les</span> <span class='ocrx_word' id='word_1_40' title='bbox 551 753 797 824; x_wconf 93' lang='lat' dir='ltr'>reliquos</span> <span class='ocrx_word' id='word_1_41' title='bbox 847 754 919 808; x_wconf 91' lang='lat' dir='ltr'>ad</span> <span class='ocrx_word' id='word_1_42' title='bbox 983 772 1161 808; x_wconf 90' lang='lat' dir='ltr'>unum</span> <span class='ocrx_word' id='word_1_43' title='bbox 1224 762 1455 818; x_wconf 91' lang='lat' dir='ltr'>rectum,</span> <span class='ocrx_word' id='word_1_44' title='bbox 1507 753 1777 809; x_wconf 88' lang='lat' dir='ltr'>nimirum</span> <span class='ocrx_word' id='word_1_45' title='bbox 1826 753 2009 817; x_wconf 85' lang='lat' dir='ltr'><strong>ADB,</strong></span> <span class='ocrx_word' id='word_1_46' title='bbox 2062 752 2248 807; x_wconf 89' lang='lat' dir='ltr'><strong>RDX.</strong></span> 
     </span>
     <span class='ocr_line' id='line_1_7' title="bbox 423 830 2252 916; baseline -0.001 -16"><span class='ocrx_word' id='word_1_47' title='bbox 423 844 616 916; x_wconf 77' lang='lat' dir='ltr'>Quare</span> <span class='ocrx_word' id='word_1_48' title='bbox 649 830 875 900; x_wconf 89' lang='lat' dir='ltr'>rursum</span> <span class='ocrx_word' id='word_1_49' title='bbox 916 845 1021 916; x_wconf 85' lang='lat' dir='ltr'>(ex</span> <span class='ocrx_word' id='word_1_50' title='bbox 1052 846 1251 900; x_wconf 88' lang='lat' dir='ltr'>eadem</span> <span class='ocrx_word' id='word_1_51' title='bbox 1282 854 1484 915; x_wconf 88' lang='lat' dir='ltr'>quarta</span> <span class='ocrx_word' id='word_1_52' title='bbox 1516 844 1714 916; x_wconf 93' lang='lat' dir='ltr'>primi)</span> <span class='ocrx_word' id='word_1_53' title='bbox 1756 845 2004 915; x_wconf 91' lang='lat' dir='ltr'>aequalis</span> <span class='ocrx_word' id='word_1_54' title='bbox 2037 845 2159 908; x_wconf 94' lang='lat' dir='ltr'>erit,</span> <span class='ocrx_word' id='word_1_55' title='bbox 2194 844 2252 898; x_wconf 91' lang='lat' dir='ltr'>in</span> 
     </span>
     <span class='ocr_line' id='line_1_8' title="bbox 421 936 2252 1007; baseline -0.001 -17"><span class='ocrx_word' id='word_1_56' title='bbox 421 936 721 1007; x_wconf 81' lang='lat' dir='ltr'>triangulis</span> <span class='ocrx_word' id='word_1_57' title='bbox 758 936 941 1001; x_wconf 88' lang='lat' dir='ltr'>ADB,</span> <span class='ocrx_word' id='word_1_58' title='bbox 981 937 1169 1000; x_wconf 90' lang='lat' dir='ltr'>RDX,</span> <span class='ocrx_word' id='word_1_59' title='bbox 1208 936 1357 991; x_wconf 88' lang='lat' dir='ltr'>basis</span> <span class='ocrx_word' id='word_1_60' title='bbox 1394 936 1517 1001; x_wconf 89' lang='lat' dir='ltr'>AB,</span> <span class='ocrx_word' id='word_1_61' title='bbox 1555 936 1675 991; x_wconf 90' lang='lat' dir='ltr'>basi</span> <span class='ocrx_word' id='word_1_62' title='bbox 1713 936 1840 991; x_wconf 86' lang='lat' dir='ltr'>RX.</span> <span class='ocrx_word' id='word_1_63' title='bbox 1919 936 2104 1007; x_wconf 88' lang='lat' dir='ltr'>Igitur</span> <span class='ocrx_word' id='word_1_64' title='bbox 2150 936 2252 1007; x_wconf 86' lang='lat' dir='ltr'>(ex</span> 
     </span>
     <span class='ocr_line' id='line_1_9' title="bbox 420 1027 2253 1099; baseline 0.001 -18"><span class='ocrx_word' id='word_1_65' title='bbox 420 1028 820 1098; x_wconf 87' lang='lat' dir='ltr'>praecedente)</span> <span class='ocrx_word' id='word_1_66' title='bbox 860 1028 1052 1099; x_wconf 90' lang='lat' dir='ltr'>anguli</span> <span class='ocrx_word' id='word_1_67' title='bbox 1082 1029 1154 1083; x_wconf 92' lang='lat' dir='ltr'>ad</span> <span class='ocrx_word' id='word_1_68' title='bbox 1184 1027 1441 1098; x_wconf 90' lang='lat' dir='ltr'>junctam</span> <span class='ocrx_word' id='word_1_69' title='bbox 1470 1027 1582 1082; x_wconf 91' lang='lat' dir='ltr'>RX</span> <span class='ocrx_word' id='word_1_70' title='bbox 1613 1037 1778 1083; x_wconf 92' lang='lat' dir='ltr'>erunt</span> <span class='ocrx_word' id='word_1_71' title='bbox 1808 1028 1960 1092; x_wconf 90' lang='lat' dir='ltr'>recti,</span> <span class='ocrx_word' id='word_1_72' title='bbox 1993 1046 2058 1083; x_wconf 91' lang='lat' dir='ltr'>ac</span> <span class='ocrx_word' id='word_1_73' title='bbox 2085 1045 2253 1098; x_wconf 90' lang='lat' dir='ltr'>prop-</span> 
     </span>
     <span class='ocr_line' id='line_1_10' title="bbox 421 1119 2036 1191; baseline 0 -17"><span class='ocrx_word' id='word_1_74' title='bbox 421 1128 574 1175; x_wconf 90' lang='lat' dir='ltr'>terea</span> <span class='ocrx_word' id='word_1_75' title='bbox 607 1119 970 1190; x_wconf 85' lang='lat' dir='ltr'>persistemus</span> <span class='ocrx_word' id='word_1_76' title='bbox 1004 1119 1062 1174; x_wconf 94' lang='lat' dir='ltr'>in</span> <span class='ocrx_word' id='word_1_77' title='bbox 1095 1121 1293 1174; x_wconf 90' lang='lat' dir='ltr'>eadem</span> <span class='ocrx_word' id='word_1_78' title='bbox 1325 1120 1622 1191; x_wconf 89' lang='lat' dir='ltr'>hypothesi</span> <span class='ocrx_word' id='word_1_79' title='bbox 1657 1119 1849 1191; x_wconf 89' lang='lat' dir='ltr'>anguli</span> <span class='ocrx_word' id='word_1_80' title='bbox 1884 1119 2036 1174; x_wconf 88' lang='lat' dir='ltr'>recti.</span> 
     </span>
    </p>

    <p class='ocr_par' dir='ltr' id='par_1_2' title="bbox 420 1210 2253 1725">
     <span class='ocr_line' id='line_1_11' title="bbox 538 1210 2252 1282; baseline -0.001 -15"><span class='ocrx_word' id='word_1_81' title='bbox 538 1210 827 1282; x_wconf 78' lang='lat' dir='ltr'>Quoniam</span> <span class='ocrx_word' id='word_1_82' title='bbox 865 1230 1002 1266; x_wconf 87' lang='lat' dir='ltr'>vero</span> <span class='ocrx_word' id='word_1_83' title='bbox 1042 1211 1236 1282; x_wconf 91' lang='lat' dir='ltr'>augeri</span> <span class='ocrx_word' id='word_1_84' title='bbox 1278 1211 1536 1266; x_wconf 92' lang='lat' dir='ltr'>similiter</span> <span class='ocrx_word' id='word_1_85' title='bbox 1573 1220 1757 1281; x_wconf 89' lang='lat' dir='ltr'>potest</span> <span class='ocrx_word' id='word_1_86' title='bbox 1794 1211 2092 1282; x_wconf 90' lang='lat' dir='ltr'>longitudo</span> <span class='ocrx_word' id='word_1_87' title='bbox 2130 1229 2252 1281; x_wconf 91' lang='lat' dir='ltr'>per-</span> 
     </span>
     <span class='ocr_line' id='line_1_12' title="bbox 421 1301 2253 1373; baseline -0.001 -15"><span class='ocrx_word' id='word_1_88' title='bbox 421 1303 851 1373; x_wconf 91' lang='lat' dir='ltr'>pendiculorum</span> <span class='ocrx_word' id='word_1_89' title='bbox 891 1303 948 1357; x_wconf 92' lang='lat' dir='ltr'>in</span> <span class='ocrx_word' id='word_1_90' title='bbox 990 1303 1290 1367; x_wconf 91' lang='lat' dir='ltr'>infinitum,</span> <span class='ocrx_word' id='word_1_91' title='bbox 1334 1303 1437 1358; x_wconf 88' lang='lat' dir='ltr'>sub</span> <span class='ocrx_word' id='word_1_92' title='bbox 1477 1304 1675 1358; x_wconf 91' lang='lat' dir='ltr'>eadem</span> <span class='ocrx_word' id='word_1_93' title='bbox 1714 1302 1834 1358; x_wconf 87' lang='lat' dir='ltr'>basi</span> <span class='ocrx_word' id='word_1_94' title='bbox 1876 1302 1999 1367; x_wconf 90' lang='lat' dir='ltr'>AB,</span> <span class='ocrx_word' id='word_1_95' title='bbox 2042 1301 2253 1357; x_wconf 90' lang='lat' dir='ltr'>consis-</span> 
     </span>
     <span class='ocr_line' id='line_1_13' title="bbox 420 1394 2253 1466; baseline 0 -17"><span class='ocrx_word' id='word_1_96' title='bbox 420 1403 572 1449; x_wconf 92' lang='lat' dir='ltr'>tente</span> <span class='ocrx_word' id='word_1_97' title='bbox 610 1413 831 1465; x_wconf 90' lang='lat' dir='ltr'>semper</span> <span class='ocrx_word' id='word_1_98' title='bbox 866 1394 1164 1465; x_wconf 89' lang='lat' dir='ltr'>hypothesi</span> <span class='ocrx_word' id='word_1_99' title='bbox 1203 1394 1395 1466; x_wconf 90' lang='lat' dir='ltr'>anguli</span> <span class='ocrx_word' id='word_1_100' title='bbox 1434 1394 1586 1459; x_wconf 91' lang='lat' dir='ltr'>recti,</span> <span class='ocrx_word' id='word_1_101' title='bbox 1627 1394 2133 1449; x_wconf 89' lang='lat' dir='ltr'>demonstrandum</span> <span class='ocrx_word' id='word_1_102' title='bbox 2170 1402 2253 1449; x_wconf 90' lang='lat' dir='ltr'>est</span> 
     </span>
     <span class='ocr_line' id='line_1_14' title="bbox 421 1485 2252 1557; baseline -0.001 -16"><span class='ocrx_word' id='word_1_103' title='bbox 421 1487 658 1541; x_wconf 92' lang='lat' dir='ltr'>eandem</span> <span class='ocrx_word' id='word_1_104' title='bbox 697 1486 1057 1557; x_wconf 88' lang='lat' dir='ltr'>hypothesim</span> <span class='ocrx_word' id='word_1_105' title='bbox 1098 1504 1319 1556; x_wconf 92' lang='lat' dir='ltr'>semper</span> <span class='ocrx_word' id='word_1_106' title='bbox 1356 1504 1685 1541; x_wconf 88' lang='lat' dir='ltr'>mansuram</span> <span class='ocrx_word' id='word_1_107' title='bbox 1726 1486 1784 1540; x_wconf 90' lang='lat' dir='ltr'>in</span> <span class='ocrx_word' id='word_1_108' title='bbox 1825 1504 1959 1541; x_wconf 92' lang='lat' dir='ltr'>casu</span> <span class='ocrx_word' id='word_1_109' title='bbox 2000 1485 2252 1556; x_wconf 88' lang='lat' dir='ltr'>cujusvis</span> 
     </span>
     <span class='ocr_line' id='line_1_15' title="bbox 421 1576 2252 1648; baseline 0 -17"><span class='ocrx_word' id='word_1_110' title='bbox 421 1578 833 1633; x_wconf 91' lang='lat' dir='ltr'>imminutionis</span> <span class='ocrx_word' id='word_1_111' title='bbox 876 1579 1187 1633; x_wconf 91' lang='lat' dir='ltr'>eorundem</span> <span class='ocrx_word' id='word_1_112' title='bbox 1229 1578 1787 1648; x_wconf 89' lang='lat' dir='ltr'>perpendiculorum;</span> <span class='ocrx_word' id='word_1_113' title='bbox 1832 1578 1983 1648; x_wconf 88' lang='lat' dir='ltr'>quod</span> <span class='ocrx_word' id='word_1_114' title='bbox 2027 1576 2252 1648; x_wconf 91' lang='lat' dir='ltr'>quidem</span> 
     </span>
     <span class='ocr_line' id='line_1_16' title="bbox 421 1666 931 1725; baseline -0.006 -2"><span class='ocrx_word' id='word_1_115' title='bbox 421 1669 500 1724; x_wconf 91' lang='lat' dir='ltr'>ita</span> <span class='ocrx_word' id='word_1_116' title='bbox 530 1669 821 1725; x_wconf 87' lang='lat' dir='ltr'>evincitur.</span> <span class='ocrx_word' id='word_1_117' title='bbox 864 1666 931 1721; x_wconf 90' lang='lat'>[7]</span> 
     </span>
    </p>

    <p class='ocr_par' dir='ltr' id='par_1_3' title="bbox 420 1760 2253 2659">
     <span class='ocr_line' id='line_1_17' title="bbox 540 1760 2253 1832; baseline -0.001 -15"><span class='ocrx_word' id='word_1_118' title='bbox 540 1762 853 1817; x_wconf 86' lang='lat' dir='ltr'>Sumantur</span> <span class='ocrx_word' id='word_1_119' title='bbox 886 1762 944 1816; x_wconf 90' lang='lat' dir='ltr'>in</span> <span class='ocrx_word' id='word_1_120' title='bbox 980 1761 1107 1826; x_wconf 87' lang='lat' dir='ltr'>AR,</span> <span class='ocrx_word' id='word_1_121' title='bbox 1144 1770 1199 1817; x_wconf 94' lang='lat' dir='ltr'>et</span> <span class='ocrx_word' id='word_1_122' title='bbox 1234 1762 1341 1816; x_wconf 89' lang='grc' dir='ltr'>ΒΧ</span> <span class='ocrx_word' id='word_1_123' title='bbox 1378 1762 1493 1817; x_wconf 94' lang='lat' dir='ltr'>duo</span> <span class='ocrx_word' id='word_1_124' title='bbox 1528 1761 1807 1832; x_wconf 89' lang='lat' dir='ltr'>quaelibet</span> <span class='ocrx_word' id='word_1_125' title='bbox 1841 1760 2097 1831; x_wconf 85' lang='lat' dir='ltr'>aequalia</span> <span class='ocrx_word' id='word_1_126' title='bbox 2130 1779 2253 1832; x_wconf 91' lang='lat' dir='ltr'>per-</span> 
     </span>
     <span class='ocr_line' id='line_1_18' title="bbox 421 1852 2253 1925; baseline -0.001 -17"><span class='ocrx_word' id='word_1_127' title='bbox 421 1853 716 1924; x_wconf 91' lang='lat' dir='ltr'>pendicula</span> <span class='ocrx_word' id='word_1_128' title='bbox 746 1853 869 1918; x_wconf 88' lang='lat' dir='ltr'>AL,</span> <span class='ocrx_word' id='word_1_129' title='bbox 902 1854 1028 1918; x_wconf 87' lang='grc' dir='ltr'>ΒΚ,</span> <span class='ocrx_word' id='word_1_130' title='bbox 1061 1853 1447 1925; x_wconf 87' lang='lat' dir='ltr'>jungaturque</span> <span class='ocrx_word' id='word_1_131' title='bbox 1476 1853 1601 1908; x_wconf 90' lang='lat' dir='ltr'>LK.</span> <span class='ocrx_word' id='word_1_132' title='bbox 1678 1853 1737 1909; x_wconf 86' lang='lat' dir='ltr'>Si</span> <span class='ocrx_word' id='word_1_133' title='bbox 1768 1853 1960 1924; x_wconf 84' lang='lat' dir='ltr'>anguli</span> <span class='ocrx_word' id='word_1_134' title='bbox 1992 1854 2064 1908; x_wconf 92' lang='lat' dir='ltr'>ad</span> <span class='ocrx_word' id='word_1_135' title='bbox 2092 1852 2253 1924; x_wconf 89' lang='lat' dir='ltr'>junc-</span> 
     </span>
     <span class='ocr_line' id='line_1_19' title="bbox 420 1944 2253 2016; baseline -0.001 -16"><span class='ocrx_word' id='word_1_136' title='bbox 420 1954 538 2000; x_wconf 89' lang='lat' dir='ltr'>tam</span> <span class='ocrx_word' id='word_1_137' title='bbox 565 1946 675 2000; x_wconf 90' lang='lat' dir='ltr'>LK</span> <span class='ocrx_word' id='word_1_138' title='bbox 702 1945 837 2000; x_wconf 90' lang='lat' dir='ltr'>recti</span> <span class='ocrx_word' id='word_1_139' title='bbox 865 1964 980 2000; x_wconf 92' lang='lat' dir='ltr'>non</span> <span class='ocrx_word' id='word_1_140' title='bbox 1009 1945 1136 2010; x_wconf 91' lang='lat' dir='ltr'>sint,</span> <span class='ocrx_word' id='word_1_141' title='bbox 1166 1953 1332 2000; x_wconf 92' lang='lat' dir='ltr'>erunt</span> <span class='ocrx_word' id='word_1_142' title='bbox 1358 1953 1548 2000; x_wconf 90' lang='lat' dir='ltr'>tamen</span> <span class='ocrx_word' id='word_1_143' title='bbox 1587 1945 1690 2016; x_wconf 87' lang='lat' dir='ltr'>(ex</span> <span class='ocrx_word' id='word_1_144' title='bbox 1718 1945 1900 2015; x_wconf 90' lang='lat' dir='ltr'>prima</span> <span class='ocrx_word' id='word_1_145' title='bbox 1927 1944 2133 2015; x_wconf 89' lang='lat' dir='ltr'>hujus)</span> <span class='ocrx_word' id='word_1_146' title='bbox 2170 1944 2253 1998; x_wconf 91' lang='lat' dir='ltr'>in-</span> 
     </span>
     <span class='ocr_line' id='line_1_20' title="bbox 420 2037 2252 2108; baseline -0.001 -17"><span class='ocrx_word' id='word_1_147' title='bbox 420 2037 601 2092; x_wconf 91' lang='lat' dir='ltr'>vicem</span> <span class='ocrx_word' id='word_1_148' title='bbox 633 2037 908 2108; x_wconf 79' lang='lat' dir='ltr'>aequales,</span> <span class='ocrx_word' id='word_1_149' title='bbox 985 2037 1171 2092; x_wconf 90' lang='lat' dir='ltr'>Erunt</span> <span class='ocrx_word' id='word_1_150' title='bbox 1203 2037 1379 2108; x_wconf 91' lang='lat' dir='ltr'>igitur</span> <span class='ocrx_word' id='word_1_151' title='bbox 1410 2056 1482 2092; x_wconf 87' lang='lat' dir='ltr'>ex</span> <span class='ocrx_word' id='word_1_152' title='bbox 1514 2056 1627 2092; x_wconf 90' lang='lat' dir='ltr'>una</span> <span class='ocrx_word' id='word_1_153' title='bbox 1658 2045 1832 2107; x_wconf 89' lang='lat' dir='ltr'>parte,</span> <span class='ocrx_word' id='word_1_154' title='bbox 1868 2045 1931 2092; x_wconf 95' lang='lat' dir='ltr'>ut</span> <span class='ocrx_word' id='word_1_155' title='bbox 1962 2045 2097 2107; x_wconf 86' lang='lat' dir='ltr'>puta</span> <span class='ocrx_word' id='word_1_156' title='bbox 2128 2054 2252 2091; x_wconf 86' lang='lat' dir='ltr'>ver-</span> 
     </span>
     <span class='ocr_line' id='line_1_21' title="bbox 421 2127 2249 2199; baseline -0.001 -16"><span class='ocrx_word' id='word_1_157' title='bbox 421 2147 515 2185; x_wconf 90' lang='lat' dir='ltr'>sus</span> <span class='ocrx_word' id='word_1_158' title='bbox 557 2128 663 2183; x_wconf 89' lang='lat' dir='ltr'>AB</span> <span class='ocrx_word' id='word_1_159' title='bbox 704 2128 907 2192; x_wconf 88' lang='lat' dir='ltr'>obtusi,</span> <span class='ocrx_word' id='word_1_160' title='bbox 949 2138 1004 2184; x_wconf 91' lang='lat' dir='ltr'>et</span> <span class='ocrx_word' id='word_1_161' title='bbox 1043 2147 1242 2184; x_wconf 87' lang='lat' dir='ltr'>versus</span> <span class='ocrx_word' id='word_1_162' title='bbox 1282 2129 1395 2183; x_wconf 91' lang='lat' dir='ltr'>RX</span> <span class='ocrx_word' id='word_1_163' title='bbox 1437 2129 1602 2193; x_wconf 88' lang='lat' dir='ltr'>acuti,</span> <span class='ocrx_word' id='word_1_164' title='bbox 1646 2137 1708 2184; x_wconf 92' lang='lat' dir='ltr'>ut</span> <span class='ocrx_word' id='word_1_165' title='bbox 1748 2127 2018 2184; x_wconf 93' lang='lat' dir='ltr'>nimirum</span> <span class='ocrx_word' id='word_1_166' title='bbox 2060 2128 2249 2199; x_wconf 89' lang='lat' dir='ltr'>anguli</span> 
     </span>
     <span class='ocr_line' id='line_1_22' title="bbox 420 2219 2253 2291; baseline -0.001 -15"><span class='ocrx_word' id='word_1_167' title='bbox 420 2221 549 2276; x_wconf 92' lang='lat' dir='ltr'>hinc</span> <span class='ocrx_word' id='word_1_168' title='bbox 590 2220 720 2276; x_wconf 92' lang='lat' dir='ltr'>inde</span> <span class='ocrx_word' id='word_1_169' title='bbox 758 2222 831 2276; x_wconf 93' lang='lat' dir='ltr'>ad</span> <span class='ocrx_word' id='word_1_170' title='bbox 871 2229 1154 2291; x_wconf 89' lang='lat' dir='ltr'>utrunque</span> <span class='ocrx_word' id='word_1_171' title='bbox 1194 2220 1422 2276; x_wconf 90' lang='lat' dir='ltr'>illorum</span> <span class='ocrx_word' id='word_1_172' title='bbox 1461 2229 1800 2291; x_wconf 90' lang='lat' dir='ltr'>punctorum</span> <span class='ocrx_word' id='word_1_173' title='bbox 1840 2220 2100 2290; x_wconf 90' lang='lat' dir='ltr'>aequales</span> <span class='ocrx_word' id='word_1_174' title='bbox 2141 2219 2253 2275; x_wconf 91' lang='lat' dir='ltr'>sint</span> 
     </span>
     <span class='ocr_line' id='line_1_23' title="bbox 431 2311 2251 2383; baseline -0.001 -16"><span class='ocrx_word' id='word_1_175' title='bbox 431 2313 535 2383; x_wconf 90' lang='lat' dir='ltr'>(ex</span> <span class='ocrx_word' id='word_1_176' title='bbox 577 2312 964 2368; x_wconf 91' lang='lat' dir='ltr'>decimatertia</span> <span class='ocrx_word' id='word_1_177' title='bbox 1004 2311 1204 2383; x_wconf 92' lang='lat' dir='ltr'>primi)</span> <span class='ocrx_word' id='word_1_178' title='bbox 1256 2312 1475 2368; x_wconf 90' lang='lat' dir='ltr'>duobus</span> <span class='ocrx_word' id='word_1_179' title='bbox 1517 2312 1697 2366; x_wconf 77' lang='lat' dir='ltr'>rectis,</span> <span class='ocrx_word' id='word_1_180' title='bbox 1784 2312 2022 2367; x_wconf 88' lang='lat' dir='ltr'>Constat</span> <span class='ocrx_word' id='word_1_181' title='bbox 2064 2320 2251 2367; x_wconf 90' lang='lat' dir='ltr'>autem</span> 
     </span>
     <span class='ocr_line' id='line_1_24' title="bbox 420 2401 2251 2474; baseline -0.001 -15"><span class='ocrx_word' id='word_1_182' title='bbox 420 2404 677 2474; x_wconf 91' lang='lat' dir='ltr'>aequalia</span> <span class='ocrx_word' id='word_1_183' title='bbox 716 2404 887 2460; x_wconf 93' lang='lat' dir='ltr'>etiam</span> <span class='ocrx_word' id='word_1_184' title='bbox 927 2403 1168 2459; x_wconf 90' lang='lat' dir='ltr'>invicem</span> <span class='ocrx_word' id='word_1_185' title='bbox 1207 2422 1328 2459; x_wconf 90' lang='lat' dir='ltr'>esse</span> <span class='ocrx_word' id='word_1_186' title='bbox 1366 2403 1764 2474; x_wconf 92' lang='lat' dir='ltr'>perpendicula</span> <span class='ocrx_word' id='word_1_187' title='bbox 1804 2404 1925 2468; x_wconf 88' lang='lat' dir='ltr'>LR,</span> <span class='ocrx_word' id='word_1_188' title='bbox 1970 2403 2103 2467; x_wconf 91' lang='lat' dir='ltr'>KX,</span> <span class='ocrx_word' id='word_1_189' title='bbox 2146 2401 2251 2473; x_wconf 93' lang='lat' dir='ltr'>ipsi</span> 
     </span>
     <span class='ocr_line' id='line_1_25' title="bbox 422 2494 2252 2567; baseline -0.001 -17"><span class='ocrx_word' id='word_1_190' title='bbox 422 2496 533 2550; x_wconf 92' lang='lat' dir='ltr'>RX</span> <span class='ocrx_word' id='word_1_191' title='bbox 567 2495 899 2551; x_wconf 89' lang='lat' dir='ltr'>insistentia.</span> <span class='ocrx_word' id='word_1_192' title='bbox 974 2496 1161 2567; x_wconf 89' lang='lat' dir='ltr'>Igitur</span> <span class='ocrx_word' id='word_1_193' title='bbox 1202 2495 1306 2566; x_wconf 84' lang='lat' dir='ltr'>(ex</span> <span class='ocrx_word' id='word_1_194' title='bbox 1337 2494 1504 2551; x_wconf 90' lang='lat' dir='ltr'>tertia</span> <span class='ocrx_word' id='word_1_195' title='bbox 1536 2494 1743 2565; x_wconf 89' lang='lat' dir='ltr'>hujus)</span> <span class='ocrx_word' id='word_1_196' title='bbox 1785 2495 1891 2550; x_wconf 90' lang='lat' dir='ltr'>erit</span> <span class='ocrx_word' id='word_1_197' title='bbox 1921 2496 2032 2549; x_wconf 90' lang='lat' dir='ltr'>LK</span> <span class='ocrx_word' id='word_1_198' title='bbox 2062 2494 2252 2565; x_wconf 89' lang='lat' dir='ltr'>major</span> 
     </span>
     <span class='ocr_line' id='line_1_26' title="bbox 421 2586 2104 2659; baseline -0.001 -16"><span class='ocrx_word' id='word_1_199' title='bbox 421 2587 649 2659; x_wconf 92' lang='lat' dir='ltr'>quidem</span> <span class='ocrx_word' id='word_1_200' title='bbox 681 2587 1065 2658; x_wconf 89' lang='lat' dir='ltr'>contraposita</span> <span class='ocrx_word' id='word_1_201' title='bbox 1097 2588 1226 2652; x_wconf 90' lang='lat' dir='ltr'>RX,</span> <span class='ocrx_word' id='word_1_202' title='bbox 1261 2596 1316 2642; x_wconf 91' lang='lat' dir='ltr'>et</span> <span class='ocrx_word' id='word_1_203' title='bbox 1347 2586 1536 2642; x_wconf 91' lang='lat' dir='ltr'>minor</span> <span class='ocrx_word' id='word_1_204' title='bbox 1566 2586 1951 2657; x_wconf 87' lang='lat' dir='ltr'>contraposita</span> <span class='ocrx_word' id='word_1_205' title='bbox 1984 2586 2104 2641; x_wconf 82' lang='lat' dir='ltr'>AB.</span> 
     </span>
    </p>

    <p class='ocr_par' dir='ltr' id='par_1_4' title="bbox 422 2678 2251 3025">
     <span class='ocr_line' id='line_1_27' title="bbox 537 2678 2251 2745; baseline -0.001 -11"><span class='ocrx_word' id='word_1_206' title='bbox 537 2680 670 2735; x_wconf 93' lang='lat' dir='ltr'>Hoc</span> <span class='ocrx_word' id='word_1_207' title='bbox 706 2688 895 2735; x_wconf 91' lang='lat' dir='ltr'>autem</span> <span class='ocrx_word' id='word_1_208' title='bbox 932 2679 1242 2735; x_wconf 87' lang='lat' dir='ltr'>absurdum</span> <span class='ocrx_word' id='word_1_209' title='bbox 1278 2687 1390 2745; x_wconf 90' lang='lat' dir='ltr'>est;</span> <span class='ocrx_word' id='word_1_210' title='bbox 1426 2697 1555 2734; x_wconf 91' lang='lat' dir='ltr'>cum</span> <span class='ocrx_word' id='word_1_211' title='bbox 1591 2678 1713 2742; x_wconf 85' lang='lat' dir='ltr'>AB,</span> <span class='ocrx_word' id='word_1_212' title='bbox 1753 2687 1808 2733; x_wconf 94' lang='lat' dir='ltr'>et</span> <span class='ocrx_word' id='word_1_213' title='bbox 1846 2678 1957 2732; x_wconf 88' lang='lat' dir='ltr'>RX</span> <span class='ocrx_word' id='word_1_214' title='bbox 1994 2687 2251 2733; x_wconf 89' lang='lat' dir='ltr'>ostensae</span> 
     </span>
     <span class='ocr_line' id='line_1_28' title="bbox 422 2769 2251 2843; baseline -0.002 -17"><span class='ocrx_word' id='word_1_215' title='bbox 422 2771 534 2827; x_wconf 92' lang='lat' dir='ltr'>sint</span> <span class='ocrx_word' id='word_1_216' title='bbox 583 2771 859 2842; x_wconf 90' lang='lat' dir='ltr'>aequales.</span> <span class='ocrx_word' id='word_1_217' title='bbox 952 2771 1087 2826; x_wconf 91' lang='lat' dir='ltr'>Non</span> <span class='ocrx_word' id='word_1_218' title='bbox 1137 2789 1275 2843; x_wconf 92' lang='lat' dir='ltr'>ergo</span> <span class='ocrx_word' id='word_1_219' title='bbox 1323 2770 1635 2826; x_wconf 91' lang='lat' dir='ltr'>mutabitur</span> <span class='ocrx_word' id='word_1_220' title='bbox 1683 2770 2010 2841; x_wconf 90' lang='lat' dir='ltr'>hypothesis</span> <span class='ocrx_word' id='word_1_221' title='bbox 2060 2769 2251 2841; x_wconf 89' lang='lat' dir='ltr'>anguli</span> 
     </span>
     <span class='ocr_line' id='line_1_29' title="bbox 422 2862 2249 2934; baseline -0.002 -16"><span class='ocrx_word' id='word_1_222' title='bbox 422 2863 556 2919; x_wconf 91' lang='lat' dir='ltr'>recti</span> <span class='ocrx_word' id='word_1_223' title='bbox 595 2863 699 2919; x_wconf 90' lang='lat' dir='ltr'>sub</span> <span class='ocrx_word' id='word_1_224' title='bbox 734 2881 1065 2934; x_wconf 90' lang='lat' dir='ltr'>quacunque</span> <span class='ocrx_word' id='word_1_225' title='bbox 1101 2862 1495 2917; x_wconf 91' lang='lat' dir='ltr'>imminutione</span> <span class='ocrx_word' id='word_1_226' title='bbox 1532 2862 2076 2932; x_wconf 86' lang='lat' dir='ltr'>perpendiculorum‚</span> <span class='ocrx_word' id='word_1_227' title='bbox 2117 2862 2249 2917; x_wconf 93' lang='lat' dir='ltr'>dum</span> 
     </span>
     <span class='ocr_line' id='line_1_30' title="bbox 422 2952 1450 3025; baseline -0.002 -15"><span class='ocrx_word' id='word_1_228' title='bbox 422 2955 693 3010; x_wconf 88' lang='lat' dir='ltr'>consistat</span> <span class='ocrx_word' id='word_1_229' title='bbox 726 2955 896 3010; x_wconf 89' lang='lat' dir='ltr'>semel</span> <span class='ocrx_word' id='word_1_230' title='bbox 930 2954 1114 3025; x_wconf 92' lang='lat' dir='ltr'>posita</span> <span class='ocrx_word' id='word_1_231' title='bbox 1145 2953 1296 3010; x_wconf 89' lang='lat' dir='ltr'>basis</span> <span class='ocrx_word' id='word_1_232' title='bbox 1328 2952 1450 3008; x_wconf 90' lang='lat' dir='ltr'>AB.</span> 
     </span>
    </p>

    <p class='ocr_par' dir='ltr' id='par_1_5' title="bbox 422 3044 2252 3299">
     <span class='ocr_line' id='line_1_31' title="bbox 541 3044 2252 3117; baseline -0.002 -14"><span class='ocrx_word' id='word_1_233' title='bbox 541 3047 654 3103; x_wconf 89' lang='lat' dir='ltr'>Sed</span> <span class='ocrx_word' id='word_1_234' title='bbox 694 3066 874 3117; x_wconf 92' lang='lat' dir='ltr'>neque</span> <span class='ocrx_word' id='word_1_235' title='bbox 916 3046 1308 3102; x_wconf 89' lang='lat' dir='ltr'>immutabitur</span> <span class='ocrx_word' id='word_1_236' title='bbox 1347 3045 1675 3117; x_wconf 89' lang='lat' dir='ltr'>hypothesis</span> <span class='ocrx_word' id='word_1_237' title='bbox 1717 3045 1908 3116; x_wconf 89' lang='lat' dir='ltr'>anguli</span> <span class='ocrx_word' id='word_1_238' title='bbox 1953 3044 2104 3109; x_wconf 90' lang='lat' dir='ltr'>recti,</span> <span class='ocrx_word' id='word_1_239' title='bbox 2149 3044 2252 3100; x_wconf 88' lang='lat' dir='ltr'>sub</span> 
     </span>
     <span class='ocr_line' id='line_1_32' title="bbox 423 3136 2250 3210; baseline -0.002 -15"><span class='ocrx_word' id='word_1_240' title='bbox 423 3158 752 3210; x_wconf 89' lang='lat' dir='ltr'>quacunque</span> <span class='ocrx_word' id='word_1_241' title='bbox 800 3138 1210 3202; x_wconf 88' lang='lat' dir='ltr'>imminutione,</span> <span class='ocrx_word' id='word_1_242' title='bbox 1260 3146 1356 3193; x_wconf 92' lang='lat' dir='ltr'>aut</span> <span class='ocrx_word' id='word_1_243' title='bbox 1401 3136 1612 3207; x_wconf 89' lang='lat' dir='ltr'>majori</span> <span class='ocrx_word' id='word_1_244' title='bbox 1659 3136 2026 3207; x_wconf 91' lang='lat' dir='ltr'>amplitudine</span> <span class='ocrx_word' id='word_1_245' title='bbox 2072 3136 2250 3202; x_wconf 88' lang='lat' dir='ltr'>basis;</span> 
     </span>
     <span class='ocr_line' id='line_1_33' title="bbox 422 3226 2250 3299; baseline -0.001 -14"><span class='ocrx_word' id='word_1_246' title='bbox 422 3250 549 3287; x_wconf 89' lang='lat' dir='ltr'>cum</span> <span class='ocrx_word' id='word_1_247' title='bbox 587 3231 959 3286; x_wconf 84' lang='lat' dir='ltr'>manifestum</span> <span class='ocrx_word' id='word_1_248' title='bbox 998 3229 1070 3285; x_wconf 91' lang='lat' dir='ltr'>sit</span> <span class='ocrx_word' id='word_1_249' title='bbox 1108 3228 1454 3285; x_wconf 90' lang='lat' dir='ltr'>considerari</span> <span class='ocrx_word' id='word_1_250' title='bbox 1494 3247 1657 3299; x_wconf 91' lang='lat' dir='ltr'>posse</span> <span class='ocrx_word' id='word_1_251' title='bbox 1695 3237 1757 3284; x_wconf 92' lang='lat' dir='ltr'>ut</span> <span class='ocrx_word' id='word_1_252' title='bbox 1794 3228 1974 3283; x_wconf 91' lang='lat' dir='ltr'>basim</span> <span class='ocrx_word' id='word_1_253' title='bbox 2011 3226 2250 3298; x_wconf 87' lang='lat' dir='ltr'>quodvis</span> 
     </span>
    </p>
   </div>
  </div>
 </body>
</html>
