2456 4016
622 310 767 364 quae
790 291 893 347 sub
919 288 1237 363 majoribus
1260 288 1484 361 anyulis
1508 289 1704 358 acutis,
1729 309 1908 363 usque
1932 291 2006 348 ad
2028 292 2296 363 anyulum

623 390 839 439 rectum
876 381 1167 449 inclusive,
1207 399 1505 438 commune
1543 380 1798 439 obtinent
1832 381 1893 438 in
1930 381 2151 438 duobus
2187 381 2299 438 dis-

626 472 815 530 tinctis
839 471 1065 546 punctis
1090 471 1551 544 perpendiculum
1580 492 1705 529 cum
1736 474 1930 529 eadem
1958 472 2069 527 ΒΧ
2073 517 2084 529 .
2121 469 2217 525 [69]

587 605 1042 662 Demonstratur.
1117 606 1269 661 Nam
1298 605 1483 676 primo
1512 616 1732 662 constat
1770 607 1875 678 (ex
1904 606 2033 663 Cor.
2067 605 2142 661 ΙΙ.
2174 615 2302 677 post

472 695 694 751 XXIX.
732 697 937 767 hujus)
980 698 1199 753 nullum
1235 698 1362 753 fore
1395 697 1832 754 determinatum
1865 707 2093 754 acutum
2126 716 2302 770 angu-

470 787 603 852 lum,
646 788 901 844 omnium
939 789 1272 854 maximum,
1315 790 1418 845 sub
1456 808 1569 861 quo
1608 791 1809 846 educta
1848 808 1921 844 ex
1960 789 2056 845 illo
2094 798 2302 860 puncto

470 879 526 933 A
549 881 621 934 ad
646 879 865 935 finitam
889 880 1218 936 distantiam
1241 890 1501 937 occurrat
1524 881 1842 952 praedictae
1869 881 1992 935 BX.
2042 881 2303 937 Secundo

470 980 690 1026 constat
733 972 951 1027 nullum
994 972 1191 1028 itidem
1231 991 1351 1027 esse
1405 973 1495 1043 (in
1536 973 1832 1044 hypothesi
1876 971 2068 1044 anguli
2112 971 2293 1043 acuti)

469 1071 698 1118 acutum
725 1063 998 1134 angulum
1025 1064 1282 1119 omnium
1308 1064 1624 1129 minimum,
1654 1065 1758 1120 sub
1784 1083 1896 1134 quo
1923 1065 2125 1119 educta
2152 1081 2303 1119 com-

468 1172 639 1209 mune
676 1154 879 1210 habeat
916 1154 974 1209 in
1011 1155 1231 1211 duobus
1268 1155 1547 1212 distinctis
1584 1155 1806 1227 punctis
1844 1155 2303 1226 perpendiculum

470 1264 598 1300 cum
625 1245 720 1300 illa
747 1246 884 1312 BX;
910 1247 1371 1317 quandoquidem
1406 1248 1510 1318 (ex
1535 1246 1934 1318 praecedente)
1970 1246 2157 1302 nullus
2183 1264 2304 1301 esse

469 1346 654 1407 potest
694 1336 853 1392 limes
893 1338 1318 1403 determinatuS,
1359 1357 1472 1409 quo
1511 1339 1699 1394 minus
1740 1338 1843 1394 sub
1879 1338 2100 1393 minore
2139 1346 2304 1393 acuto

470 1429 681 1500 angulo
714 1430 788 1484 ad
822 1429 960 1485 illud
994 1439 1266 1500 punctum
1301 1430 1357 1484 A
1389 1430 1697 1485 constituto
1733 1429 1984 1485 deveniri
2020 1429 2198 1500 possit
2232 1429 2304 1484 ad

470 1520 580 1574 tale
607 1538 906 1576 commune
934 1521 992 1575 in
1020 1521 1241 1576 duobus
1269 1522 1548 1577 distinctis
1576 1521 1798 1592 punctis
1827 1520 2301 1592 perpendiculum,

471 1613 623 1681 quod
657 1612 729 1667 sit
760 1612 948 1668 minus
982 1612 1229 1682 qualibet
1263 1613 1589 1684 assignabili
1622 1612 1976 1684 longitudine
2002 1612 2078 1667 -R.

587 1703 777 1773 Atque
818 1703 947 1759 hinc
986 1704 1156 1759 tertio
1195 1704 1560 1775 consequitur
1598 1723 1775 1760 unum
1815 1704 2060 1774 aliquem
2111 1704 2201 1775 (in
2241 1722 2304 1758 ea

471 1795 801 1865 hypothesi)
857 1814 979 1850 esse
1026 1795 1228 1850 debere
1276 1796 1714 1851 determinatum
1760 1804 1988 1851 acutum
2035 1795 2305 1866 angulum

472 1886 655 1951 BAX‚
696 1887 800 1942 sub
835 1905 948 1957 quo
986 1889 1187 1943 educta
1225 1887 1339 1941 AX
1377 1887 1455 1942 ita
1493 1905 1713 1957 semper
1747 1887 1931 1958 magis
1968 1888 2197 1942 accedat
2233 1887 2330 1941 ad.

471 1996 597 2033 eam
633 1978 757 2043 BX,
796 1988 858 2033 ut
892 1997 1007 2033 non
1043 1979 1150 2033 nisi
1187 1980 1259 2034 ad
1295 1978 1575 2034 infinitam
1612 1979 1939 2034 distantiam
1976 1979 2033 2032 in
2069 1979 2304 2033 eandem

473 2069 697 2125 incidat.

590 2162 775 2217 Porro
805 2171 995 2217 autem
1025 2163 1170 2217 hanc
1201 2162 1382 2232 ipsam
1412 2162 1527 2216 AX
1563 2162 1689 2217 fore
1718 2161 1955 2217 limitem
1984 2161 2192 2232 partim
2223 2161 2304 2215 in-

472 2253 796 2317 trinsecum,
851 2253 1059 2323 partim
1111 2253 1493 2309 extrinsecum
1544 2253 1837 2323 utriusque
1889 2252 2304 2323 praedictarum

473 2353 756 2400 rectarum
782 2344 993 2409 classiS,
1024 2344 1103 2399 sic
1126 2346 1568 2400 demonstratur.
1621 2344 1774 2399 Nam
1801 2344 1985 2414 primo
2012 2344 2307 2399 conveniet

472 2454 600 2492 cum
631 2436 739 2491 illis
770 2436 952 2501 rectiS‚
984 2455 1127 2506 quae
1157 2438 1230 2491 ad
1261 2436 1479 2491 finitam
1509 2435 1838 2491 distantiam
1866 2444 2172 2492 occurrunt
2201 2436 2305 2506 ipsi

473 2528 598 2592 ΒΧ,
631 2546 759 2583 cum
790 2528 911 2598 ipsa
941 2527 1112 2583 etiam
1143 2528 1449 2598 aliquando
1480 2527 1808 2593 conveniat;
1841 2527 2179 2598 discrepabit
2209 2546 2307 2582 au-

472 2630 602 2684 tem,
633 2619 766 2690 quia
793 2619 913 2689 ipsa
940 2638 1055 2674 non
1083 2619 1190 2673 nisi
1219 2621 1292 2674 ad
1320 2618 1600 2674 infinitam
1629 2618 1971 2674 distantiam.
2047 2619 2307 2675 Secundo

473 2720 663 2766 autem
691 2711 987 2766 conveniet
1015 2710 1202 2775 etiam,
1235 2720 1290 2765 et
1319 2710 1485 2765 simul
1516 2709 1855 2780 discrepabit
1884 2711 1954 2766 ab
1983 2709 2092 2765 illis
2123 2709 2304 2773 rectiS,

473 2821 616 2873 quae
648 2820 947 2858 commune
980 2802 1236 2857 obtinent
1270 2802 1328 2856 in
1363 2802 1582 2857 duobus
1617 2801 1896 2857 distinctis
1929 2801 2150 2873 punctis
2184 2819 2306 2872 per-

474 2894 833 2964 pendiculum
864 2913 993 2949 cum
1024 2893 1119 2949 illa
1152 2894 1258 2948 ΒΧ
1276 2913 1288 2959 ;
1320 2893 1452 2963 quia
1484 2893 1606 2963 ipsa
1636 2893 1807 2948 etiam
1836 2911 2134 2949 commune
2165 2892 2306 2949 obti-

473 2995 568 3042 net
597 2985 1058 3056 perpendiculum
1087 3003 1216 3041 cum
1244 2986 1442 3040 eadem
1472 2984 1580 3039 ΒΧ
1597 3003 1610 3051 ;
1640 2986 1738 3040 sed
1768 2984 1826 3039 in
1855 3002 1970 3040 uno
1998 2985 2306 3055 eodemque

473 3087 683 3148 puncto
714 3078 768 3132 X
799 3076 1016 3132 infinite
1046 3076 1261 3132 dissito
1336 3077 1467 3131 Hoc
1497 3085 1685 3132 autem
1715 3084 2063 3145 postremum
2093 3074 2305 3131 censeri
