2456 4016
464 282 698 339 ulterius
733 290 1067 353 protractae.
1146 281 1331 353 Igitur
1365 281 1577 352 junctis
1613 281 1755 347 AM,
1793 291 1848 338 et
1884 283 2017 347 CM,
2055 282 2162 338 erit
2196 301 2294 338 an-

464 375 629 446 gulus
672 374 850 431 AMC
891 382 1106 438 acutuS,
1151 372 1283 443 quia
1323 372 1512 428 minor
1564 373 1669 445 (ex
1710 374 1908 429 eadem
1949 373 2039 428 21.
2085 374 2284 445 primi)

465 466 560 521 illo
592 466 802 537 angulo
833 465 1007 530 ΑΒΕ,
1042 464 1137 535 qui
1169 464 1399 535 ponitur
1431 473 1629 520 rectus.
1703 464 1897 535 Quare
1939 465 2044 536 (ex
2073 467 2308 536 praece?

465 557 662 627 dente)
720 557 1035 612 stabilietur
1083 555 1410 626 hypothesis
1459 556 1651 628 anguli
1700 556 1863 612 acuti.
1957 556 2127 627 Quod
2175 565 2295 612 erat

464 648 634 703 tertio
665 648 790 703 loeo
823 647 1344 703 demonstrandum.
1420 646 1618 718 Itaque
1651 655 1911 702 constant
1945 647 2135 703 omnia
2168 666 2295 718 pro-

465 739 662 810 posita.
709 736 805 791 [28]

1111 925 1514 973 PROPOSITIO
1544 926 1651 971 XX.

464 1047 605 1102 Esto
635 1046 980 1118 trianynlurn
1005 1048 1185 1103 ACM
1221 1048 1345 1118 (fig).
1380 1047 1499 1119 19.)
1534 1049 1924 1118 recta-nyuluni
1950 1047 2009 1103 in
2036 1049 2099 1104 C.
2152 1049 2294 1103 Tum

621 1156 694 1193 ex
730 1147 939 1209 puncto
979 1140 1028 1193 Β
1072 1138 1358 1194 dividente
1401 1139 1668 1210 bifariam
1709 1139 1890 1210 ipsam
1930 1139 2060 1194 AM
2100 1138 2299 1195 demit-

622 1238 775 1285 tatur
814 1231 888 1286 ad
926 1230 1036 1287 AC
1074 1230 1555 1301 perpendicularis
1594 1231 1719 1285 BD.
1803 1230 1947 1286 Dico
1992 1232 2135 1286 hanc
2174 1240 2298 1301 per-

617 1321 1038 1392 pendicularem
1064 1322 1344 1393 majorem
1371 1341 1487 1378 non
1509 1323 1642 1394 fore
1668 1322 1760 1394 (in
1785 1322 2083 1394 hypothesi
2108 1322 2301 1393 anynli

620 1412 802 1484 acuti)
839 1413 1141 1469 medietate
1166 1412 1648 1485 perpendicularis
1674 1413 1809 1469 MC.

584 1563 1039 1617 Demonstratur.
1120 1560 1498 1617 Continuetur
1532 1562 1683 1616 enim
1719 1562 1825 1616 DB
1861 1580 2037 1632 usque
2072 1563 2144 1617 ad
2180 1563 2298 1617 DH

467 1654 699 1725 duplam
730 1653 906 1724 ipsius
940 1654 1062 1707 DB.
1176 1653 1351 1708 Foret
1383 1652 1558 1724 igitur
1590 1654 1709 1708 DH
1754 1653 1833 1724 (si
1867 1654 1972 1707 DB
2005 1653 2196 1723 major
2229 1654 2300 1708 sit

466 1745 754 1817 praedicta
776 1744 1109 1816 medietate)
1136 1744 1252 1815 maj
1262 1764 1328 1799 or
1351 1744 1473 1815 ipsa
1491 1745 1623 1809 CM,
1644 1763 1709 1799 ae
1733 1754 2030 1815 propterea
2053 1746 2300 1816 aequalis

467 1838 694 1894 cuidam
734 1837 1096 1893 continuatae
1138 1837 1332 1893 CMK.
1414 1836 1740 1907 Jungantur
1782 1836 1918 1901 AH,
1965 1837 2104 1901 HK,
2150 1838 2298 1901 HM,

469 1930 610 1985 MD.
674 1929 806 2001 Jam
831 1928 910 1984 sic
933 1928 1347 2000 progredimur.
1389 1928 1679 1999 Quoniam
1703 1928 1761 1982 in
1785 1928 2084 2000 triangulis
2111 1928 2299 1993 HBA‚

469 2022 664 2086 DBM,
704 2020 962 2091 aequalia
997 2028 1286 2090 ponuntur
1323 2019 1500 2075 latera
1537 2020 1666 2084 ΗΒ,
1707 2019 1830 2084 ΒΑ,
1869 2019 2136 2075 lateribus
2176 2021 2298 2084 DB,

470 2113 588 2168 ΒΜ
605 2132 618 2179 ;
647 2120 889 2183 suntque
927 2112 1032 2183 (ex
1064 2109 1147 2167 15.
1180 2110 1382 2182 primi)
1420 2111 1680 2182 aequales
1709 2110 1901 2182 anguli
1931 2112 2003 2167 ad
2032 2120 2300 2182 punctum

469 2205 547 2271 133
570 2203 678 2259 erit
701 2203 872 2259 etiam
906 2203 1010 2274 (ex
1034 2212 1237 2274 quarta
1260 2202 1520 2273 ejusdem
1544 2202 1743 2273 primi)
1778 2202 1927 2258 basis
1954 2202 2075 2258 HA
2099 2221 2301 2274 aequa-

469 2295 537 2351 lis
565 2295 684 2351 basi
714 2296 855 2350 MD.
925 2294 1163 2359 Deinde,
1194 2303 1424 2364 propter
1452 2294 1688 2349 eandem
1717 2294 2011 2358 rationem,
2043 2295 2302 2365 aequales

470 2396 636 2443 erunt
665 2387 722 2441 in
751 2386 1052 2458 triangulis
1082 2387 1283 2450 HBM,
1318 2384 1498 2450 DBA,
1532 2385 1692 2440 bases
1725 2387 1874 2450 HM,
1909 2385 2036 2440 DA.
2110 2387 2302 2458 Quare

471 2478 529 2534 in
558 2477 860 2549 triangulis
893 2476 1101 2542 MHA,
1136 2476 1337 2542 ADM,
1372 2476 1632 2546 aequales
1665 2485 1829 2532 erunt
1871 2477 1976 2548 (ex
2006 2477 2057 2533 8.
2093 2477 2293 2549 primi)

471 2569 663 2642 anguli
691 2568 898 2634 MHA,
929 2568 1129 2624 ADM,
1198 2568 1451 2623 Rursum
1478 2568 1535 2622 in
1560 2568 1860 2639 triangulis
1888 2568 2076 2634 AHB,
2107 2570 2300 2633 MDB,

471 2661 721 2733 aequalis
764 2660 1014 2716 manebit
1057 2660 1298 2732 angulus
1345 2659 1603 2715 residuus
1650 2660 1833 2715 MHB
1879 2660 2105 2716 residuo
2151 2670 2303 2716 recto

473 2753 683 2826 angulo
714 2752 894 2807 ADB.
969 2751 1155 2824 Igitur
1186 2760 1369 2806 rectus
1402 2751 1508 2806 erit
1540 2751 1780 2822 angulus
1814 2752 2012 2807 MHB.
2087 2752 2166 2807 At
2198 2754 2302 2807 hoc
