2456 4016
467 306 539 364 sit
581 308 686 381 (ex
721 307 806 364 19.
841 307 1041 380 primi)
1083 307 1205 380 ipsa
1236 308 1355 381 QS,
1389 318 1445 365 et
1477 308 1555 365 sic
1586 308 1765 367 multo
1796 310 1987 383 major
2019 311 2140 384 ipsa
2173 310 2292 377 BT,

467 400 586 455 sive
622 400 730 456 CN
746 419 759 468 ;
796 409 1054 456 sumatur
1089 400 1147 455 in
1184 401 1278 457 FS
1314 400 1501 471 portio
1537 402 1612 459 IS
1648 403 1897 473 aequalis
1934 403 2040 474 ipsi
2078 403 2202 469 CN,
2241 413 2296 459 et

467 509 540 546 ex
568 500 778 562 puncto
808 491 835 546 Ι
867 491 1120 564 erigatur
1148 493 1221 547 ad
1251 493 1345 549 FS
1373 493 1851 564 perpendicularis
1882 494 1968 548 IR
1997 513 2296 550 occurrens

467 582 525 636 in
569 592 779 654 puncto
824 583 878 638 R
922 583 1028 654 ipsi
1073 583 1191 639 AS.
1279 584 1459 640 Cadet
1504 593 1694 640 autem
1736 593 2008 656 punctum
2052 586 2107 640 R
2151 585 2296 641 inter

466 683 674 744 puncta
699 674 771 740 A,
800 683 855 730 et
883 675 953 731 S:
981 674 1029 729 si
1056 674 1208 729 enim
1233 676 1458 730 caderet
1485 675 1543 730 in
1569 676 1798 747 aliquod
1824 685 2095 747 punctum
2121 677 2295 747 ipsius

466 766 589 831 AF,
633 766 966 821 haberemus
1009 766 1067 821 in
1106 767 1306 821 eodem
1345 766 1633 839 triangulo
1683 768 1913 839 (eontra
1958 766 2044 823 17.
2087 767 2286 839 primi)

466 858 610 913 duos
659 857 900 929 angulos
946 857 1200 927 majores
1250 858 1470 914 duobus
1521 858 1704 924 rectis»,
1755 877 1885 914 cum
1933 859 2173 930 angulus
2223 860 2294 914 ad

464 957 735 1019 punctum
773 950 820 1003 F
856 966 1054 1004 versus
1091 957 1279 1019 partes
1315 949 1507 1019 puncti
1545 950 1601 1003 A
1636 959 1895 1005 ostensus
1932 949 2053 1021 jam
2092 950 2163 1005 sit
2199 950 2294 1005 ob-

464 1049 640 1096 tusuS.

581 1132 721 1187 Post
744 1140 967 1187 tantum
994 1141 1329 1202 apparatum
1356 1131 1434 1187 sic
1460 1132 1750 1188 concludO.
1819 1133 2294 1204 Quandoquidem

463 1222 522 1277 in
548 1222 933 1294 quadrilatero
958 1222 1163 1279 AOIR
1188 1222 1324 1279 recti
1349 1233 1481 1280 sunt
1506 1224 1698 1296 anguli
1725 1224 1798 1280 ad
1823 1232 2030 1295 puncta
2056 1224 2128 1289 O,
2156 1233 2212 1280 et
2237 1224 2294 1291 Ι;

463 1323 518 1369 et
542 1322 627 1369 est
651 1323 849 1371 acutus
874 1314 1116 1386 angulus
1152 1314 1257 1387 (ex
1287 1313 1355 1370 17
1359 1359 1370 1371 .
1398 1315 1599 1387 primi)
1635 1316 1708 1371 ad
1733 1324 2004 1386 punctum
2029 1315 2100 1380 A,
2129 1333 2295 1387 prop-

463 1414 550 1461 ter
577 1414 793 1462 rectum
820 1407 1093 1478 angulum
1121 1406 1311 1473 AOS3
1339 1425 1404 1462 ac
1433 1425 1659 1462 rursum
1686 1415 1770 1462 est
1797 1407 2031 1463 obtusus
2070 1407 2175 1479 (ex
2208 1407 2291 1462 16.

470 1494 565 1549 [62]
599 1497 859 1568 ejusdem
883 1497 1086 1568 primi)
1125 1498 1365 1569 angulus
1395 1497 1554 1563 IRA,
1585 1516 1714 1554 cum
1743 1506 1926 1554 rectus
1955 1497 2027 1553 sit
2054 1484 2294 1570 angulus

464 1588 625 1646 RIS:
658 1607 1006 1660 consequens
1038 1590 1269 1645 tandem
1298 1599 1383 1645 est
1424 1590 1528 1668 (ex
1560 1591 1690 1647 Cor.
1726 1590 1801 1644 II.
1836 1599 1965 1660 post
1996 1591 2045 1646 3.
2081 1589 2285 1661 hujus)

463 1690 525 1736 ut
555 1681 702 1737 latus
734 1681 846 1738 AO
877 1681 1068 1752 majus
1100 1681 1173 1737 sit
1203 1682 1378 1737 latere
1409 1681 1509 1736 IR.
1583 1681 1663 1737 At
1702 1681 1931 1753 (juncta
1962 1681 2107 1764 QQ)
2149 1682 2294 1737 latus

463 1772 577 1845 AQ
601 1773 793 1844 majus
820 1782 904 1828 est
940 1773 1045 1845 (ex
1076 1773 1159 1828 18.
1190 1772 1390 1844 primi)
1426 1773 1600 1829 latere
1628 1772 1740 1830 AO
1767 1781 1998 1844 propter
2024 1773 2293 1844 angulum

463 1864 729 1920 obtusum
759 1865 816 1919 in
849 1865 921 1930 O,
955 1883 1084 1921 cum
1115 1865 1356 1936 angulus
1388 1864 1548 1921 AOS
1585 1865 1771 1920 factus
1804 1864 1876 1920 sit
1909 1874 2107 1920 rectus,
2182 1863 2295 1936 Igi-

462 1965 556 2012 tur
598 1965 751 2012 recta
790 1956 904 2028 ΑΩ
943 1956 1125 2012 multo
1164 1956 1357 2027 major
1396 1956 1504 2012 erit
1546 1965 1697 2012 reeta
1739 1956 1840 2021 IR,
1886 1956 2005 2012 sive
2055 1957 2160 2028 (ex
2200 1956 2290 2011 26.

462 2048 662 2119 primi)
700 2057 852 2104 recta
880 2049 1013 2113 MC,
1043 2057 1098 2103 et
1125 2048 1204 2103 sie
1230 2048 1412 2104 multo
1436 2047 1627 2119 major
1655 2057 1805 2103 recta
1832 2048 1955 2113 AB,
1985 2065 2115 2119 pars
2142 2056 2293 2114 toto;

462 2141 615 2211 quod
647 2149 732 2196 est
764 2140 1088 2196 absurdum.

580 2232 714 2287 Non
750 2231 924 2304 igitur
957 2232 1104 2288 ullus
1140 2231 1418 2303 assignari
1454 2240 1638 2302 potest
1672 2231 1912 2303 angulus
1948 2231 2143 2296 MNC,
2182 2249 2293 2302 quo

462 2341 682 2394 semper
708 2323 899 2395 major
925 2323 1013 2388 sit,
1043 2332 1141 2379 aut
1168 2323 1367 2378 saltem
1393 2341 1509 2378 non
1533 2322 1722 2378 minor
1748 2340 2012 2378 excessus
2039 2321 2292 2394 cujusvis

464 2433 537 2469 ex
589 2415 892 2486 praedictis
945 2413 1168 2484 angulis
1222 2414 1438 2470 obtusis
1491 2433 1662 2485 supra
1714 2414 1987 2485 angulum
2060 2423 2287 2470 rectum.

462 2506 656 2578 Quare
691 2506 883 2578 anguli
921 2506 1000 2560 illi
1035 2505 1237 2571 obtusi,
1275 2505 1458 2577 magis
1494 2524 1559 2561 ac
1592 2505 1775 2577 magis
1813 2506 2086 2561 distantes
2122 2506 2192 2561 ab
2227 2524 2292 2561 eo

461 2607 670 2669 puncto
698 2597 768 2663 A,
798 2616 1018 2668 semper
1042 2596 1225 2669 magis
1254 2597 1374 2652 sine
1401 2597 1517 2653 ullo
1544 2606 1698 2652 certo
1725 2597 1902 2652 limite
1930 2598 2194 2653 accedent
2220 2598 2290 2653 ad

461 2689 858 2761 aequalitatem
883 2707 1011 2745 cum
1037 2689 1246 2761 angulo
1274 2697 1440 2744 rect0.
1511 2688 1682 2759 Quod
1709 2697 1830 2744 erat
1856 2697 2142 2759 postremo
2168 2688 2292 2745 loco

461 2782 982 2837 demonstrandum.

1340 3543 1409 3577 154
