2456 4016
469 342 715 390 metrum
750 333 936 389 MAN
971 336 1160 405 quoad
1191 335 1383 390 omnia
1416 334 1591 406 ipsius
1624 346 1830 408 puncta
1865 337 1922 392 in
1956 338 2155 393 eodem
2188 337 2297 394 situ

470 442 592 480 esse
617 442 976 481 mansuram:
1005 444 1075 481 ne
1103 426 1248 482 duae
1278 435 1460 482 rectae
1487 426 1666 483 lineae
1705 428 1933 499 (contra
1962 429 2299 499 praecedens

469 514 708 571 Lemma
757 516 1036 587 primum)
1096 517 1341 588 spatium
1392 517 1670 573 claudant.
1765 519 2003 575 Constat
2053 520 2299 576 secundo

469 607 688 663 nullum
727 617 998 678 punctum
1042 608 1099 664 K
1140 607 1631 665 circumferentiae
1676 609 1863 666 NKM
1907 628 2170 666 casurum
2211 611 2299 667 vel

470 697 635 763 intra,
676 699 764 754 vel
803 709 967 755 extra
1005 698 1358 769 superficiem
1396 700 1645 756 clausam
1683 700 1961 756 diametro
2002 701 2203 767 MAN,
2245 711 2300 758 et

469 789 646 846 altera
675 790 1136 846 circumferentia
1168 791 1449 857 NHDM;
1478 810 1547 847 ne
1576 791 1784 847 scilicet
1812 802 2009 847 contra
2037 802 2299 848 naturam

469 880 679 946 circuli,
712 900 858 937 unus
892 882 1083 937 radius
1114 902 1165 936 v.
1201 901 1251 953 g.
1288 882 1404 936 ΑΚ
1433 883 1622 938 minor
1652 884 1739 947 sit,
1774 893 1870 938 aut
1900 884 2090 954 major
2122 885 2299 940 altero

470 972 729 1043 ejusdem
769 973 962 1028 circuli
1006 973 1168 1028 radio
1207 994 1258 1028 v.
1304 993 1355 1045 g.
1400 974 1535 1029 AH.
1621 975 1859 1030 Constat
1898 975 2067 1030 tertio
2108 993 2300 1046 quem-

469 1064 602 1119 libet
631 1064 854 1131 radium
882 1064 1007 1119 MA
1033 1065 1351 1120 continuari
1381 1065 1541 1121 unice
1569 1067 1818 1139 possein
1849 1076 2062 1122 rectum
2090 1063 2292 1137 per[84]

469 1156 711 1211 alterum
760 1157 1044 1226 quendam
1095 1156 1318 1212 radium
1368 1157 1500 1222 AN,
1553 1177 1622 1212 ne
1683 1158 1912 1229 (contra
1963 1160 2299 1229 praecedens

469 1247 706 1303 Lemma
734 1247 1076 1318 secundum)
1114 1249 1259 1303 duae
1288 1249 1609 1319 suppositae
1639 1258 1823 1304 rectae
1850 1249 2045 1314 lineae,
2076 1259 2138 1305 ut
2166 1259 2301 1320 puta

470 1338 673 1404 MAN,
708 1339 914 1404 MAH,
948 1358 1125 1395 unum
1155 1340 1414 1410 idemque
1445 1358 1742 1395 commune
1773 1341 2015 1396 habeant
2047 1359 2301 1413 segmen-

467 1439 589 1485 tum
617 1430 757 1486 MA.
827 1432 1066 1487 Constat
1092 1441 1295 1502 quarto
1333 1432 1436 1502 (ex
1461 1432 1720 1502 proxime
1746 1434 2108 1488 antecedente
2133 1433 2300 1487 Lem-

468 1522 650 1593 mate)
686 1540 882 1577 omnes
907 1522 1162 1593 cujusvis
1188 1522 1379 1578 circuli
1408 1523 1714 1578 diametros
1741 1542 1798 1578 se
1825 1524 2066 1579 invicem
2093 1525 2149 1579 in
2175 1543 2300 1580 cen-

468 1623 559 1669 tro
588 1631 793 1678 secare,
823 1623 878 1669 et
907 1633 979 1669 ex
1007 1624 1142 1669 nota
1171 1624 1375 1670 natura
1403 1615 1595 1670 circuli
1625 1615 1910 1670 bifariam.

586 1705 679 1759 Ex
723 1706 924 1776 quibus
972 1706 1232 1761 omnibus
1278 1716 1536 1761 constare
1583 1716 1782 1777 potest,
1831 1709 1983 1777 quod
2029 1708 2300 1763 diameter

471 1796 657 1853 MAN
700 1806 823 1853 tum
870 1796 1072 1852 dividit
1117 1797 1473 1853 exactissime
1518 1816 1684 1853 suum
1729 1799 2016 1864 circulum,
2047 1800 2301 1870 ejusque

469 1887 991 1944 circumferentiam
1029 1889 1087 1944 in
1126 1891 1267 1944 duas
1304 1890 1565 1960 aequales
1604 1899 1807 1960 parteS,
1847 1900 1970 1946 tum
2006 1891 2176 1946 etiam
2214 1910 2301 1946 as-

470 1980 616 2036 sumi
655 1980 966 2036 universim
1005 1990 1188 2051 potest
1228 1999 1331 2051 pro
1369 1981 1615 2051 qualibet
1654 1981 1913 2053 ejusdem
1951 1982 2142 2038 circuli
2183 1983 2300 2039 dia-

468 2081 668 2128 metro,
739 2072 911 2144 Quod
940 2081 1062 2127 erat
1090 2081 1190 2127 etc.

1209 2245 1561 2292 SCHOLION.

588 2351 757 2406 Hanc
806 2353 1044 2408 eandem
1092 2353 1389 2409 veritatem
1439 2355 1884 2410 demonstratam
1951 2355 2101 2427 leges
2152 2356 2301 2426 apud

472 2440 735 2498 Clavium
779 2462 813 2498 a
855 2444 1092 2500 Thalete
1138 2444 1383 2510 Milesio,
1431 2446 1529 2501 sed
1577 2445 1834 2506 fortasse,
1858 2465 1980 2502 ,non
2026 2447 2301 2502 exhausta

470 2532 625 2588 omni
660 2533 906 2605 qualibet
938 2534 1273 2607 objectione.

1217 2707 1462 2753 LEMMA
1495 2709 1555 2755 V.

471 2814 631 2870 Inter
661 2816 902 2886 angulos
930 2815 1250 2872 rectilineos
1282 2836 1478 2873 omnes
1508 2818 1703 2889 anyuli
1731 2819 1871 2874 recti
1899 2828 2032 2875 sunt
2061 2818 2301 2875 invicem

689 2906 1047 2963 exactissime
1071 2909 1348 2979 aequaleS,
1374 2908 1496 2964 sine
1520 2911 1634 2965 ullo
1660 2909 1890 2981 defectu
1917 2909 2084 2965 etiam

1159 2999 1379 3071 infinite
1410 3008 1605 3071 parve.

590 3128 1045 3188 Demonstratur.
1118 3132 1413 3204 Angulum
1443 3132 1588 3189 inter
1619 3134 1933 3190 rectilineos
1967 3144 2180 3191 rectum
2208 3136 2303 3191 de-

476 3220 598 3277 finit
629 3222 924 3280 Euclides:
983 3223 1083 3295 qui
1111 3232 1195 3280 est
1224 3223 1475 3295 aequalis
1503 3244 1607 3280 suo
1640 3224 1915 3296 deinceps,
1990 3226 2124 3281 Non
2156 3228 2303 3282 hunc
