2456 4016
477 326 571 381 [52]
623 339 867 401 quatuor
911 331 1078 386 simul
1124 330 1346 402 angulis
1390 332 1755 401 quadrilateri
1803 332 2061 395 KDHK,
2109 331 2300 402 proxi-

468 421 666 477 mioris
689 422 872 477 eidem
895 422 1044 488 basi;
1069 441 1136 477 cu
1140 422 1233 493 jus
1257 422 1452 477 itidem
1476 423 1840 493 quadrilateri
1867 432 2110 493 quatuor
2134 422 2298 478 simul

469 513 661 585 anguli
695 513 946 584 majores
980 523 1146 569 erunt
1179 523 1423 584 quatuor
1456 514 1622 569 simul
1656 514 1878 585 angulis
1914 513 2300 583 subsequentis

470 623 667 660 versus
713 606 951 660 eandem
997 604 1177 660 basim
1223 605 1588 674 quadrilateri
1638 606 1898 660 KMDK.
1987 605 2175 675 Atque
2223 606 2298 659 ita

469 714 689 767 semper
729 715 905 767 usque
945 698 1017 751 ad
1057 696 1320 751 ultimum
1360 697 1805 766 quadrilaterum
1847 696 2092 760 KNAB,
2135 696 2300 766 cujus

468 787 661 858 utique
693 797 936 858 quatuor
968 787 1134 842 simul
1166 788 1357 858 anguli
1389 787 1608 842 minimi
1642 797 1822 851 erunt,
1859 788 2029 842 relate
2062 789 2134 843 ad
2166 806 2299 858 qua-

466 888 598 934 tuor
614 879 780 934 simul
798 879 1037 950 angulos
1063 879 1417 950 singulorum
1443 879 1865 934 ascendentium
1883 897 2078 934 versus
2095 887 2299 949 puncta

469 970 523 1024 X
559 970 1087 1040 quadrilaterorum.

585 1061 872 1132 Quoniam
912 1080 1049 1116 vero
1087 1071 1172 1116 tot
1211 1063 1449 1117 aderunt
1489 1063 1776 1132 praedicto
1815 1064 1988 1117 modo
2028 1062 2298 1116 'recensita

467 1152 866 1223 quadrilatera,
913 1162 1050 1223 quot
1093 1162 1224 1208 sunt
1268 1163 1490 1223 praeter
1533 1154 1712 1208 basim
1758 1154 1863 1206 AB
1908 1154 2184 1208 demissae
2228 1173 2298 1207 ex

466 1243 687 1313 punctis
718 1244 892 1314 ipsius
922 1244 1035 1298 AX
1066 1246 1137 1299 ad
1169 1254 1379 1299 rectam
1409 1245 1515 1298 ΒΧ
1546 1245 2034 1314 perpendiculares
2052 1264 2064 1310 ;
2094 1263 2298 1314 expen-

466 1336 652 1390 denda
682 1345 766 1390 est
797 1354 1018 1390 summa
1048 1336 1304 1391 omnium
1334 1336 1499 1391 simul
1530 1336 1886 1406 angulorum,
1921 1335 2017 1406 qui
2047 1353 2299 1407 compre-

467 1428 792 1482 henduntur
837 1427 894 1481 in
940 1427 1049 1481 illis
1095 1427 1505 1496 quadrilateriS.
1597 1429 1884 1482 Ponamus
1930 1446 2051 1482 esse
2095 1446 2298 1482 novem

466 1518 750 1588 ejusmodi
792 1518 1281 1588 perpendiculares
1323 1519 1612 1582 demissaS‚
1656 1538 1720 1573 ac
1759 1528 2056 1588 propterea
2095 1537 2299 1573 novem

467 1609 662 1665 itidem
709 1610 1105 1680 quadrilatera.
1198 1610 1435 1665 Constat
1494 1611 1597 1679 (ex
1634 1596 1732 1664 13.
1784 1610 1982 1679 primi)
2040 1610 2298 1680 aequales

466 1719 589 1756 esse
629 1710 874 1771 quatuor
917 1701 1081 1756 rectis
1125 1701 1363 1772 angulos
1406 1702 1536 1755 hinc
1578 1702 1707 1755 inde
1750 1698 2184 1771 ‘comprehensos
2227 1703 2298 1756 ad

467 1792 598 1847 bina
632 1801 841 1863 puncta
876 1793 1100 1848 illarum
1136 1803 1263 1848 octo
1300 1792 1863 1863 perpendicularium,
1904 1812 2045 1863 quae
2081 1793 2299 1848 mediae

466 1884 692 1953 jaceant
728 1884 874 1939 inter
909 1872 1089 1939 basim
1127 1885 1249 1949 AB,
1289 1894 1343 1939 et
1383 1885 1745 1939 remotiorem
1783 1884 2296 1954 perpendicularem

424 2027 427 2030 .
466 1976 591 2030 LK.
669 1975 868 2046 Itaque
902 1994 1125 2031 summa
1159 1977 1364 2031 horum
1400 1976 1655 2031 omnium
1690 1976 2029 2047 angulorum
2065 1976 2171 2031 erit
2208 1976 2293 2031 32

467 2076 765 2126 rectorum.
841 2067 1081 2122 Restant
1114 2068 1228 2123 duo
1260 2068 1452 2138 anguli
1487 2069 1558 2123 ad
1592 2067 2051 2138 perpendiculum
2084 2068 2209 2131 LK,
2244 2077 2299 2122 et

466 2159 581 2214 duo
613 2160 685 2214 ad
717 2159 898 2213 basim
932 2159 1052 2213 AB.
1128 2159 1208 2214 At
1240 2159 1448 2230 anguli,
1486 2178 1630 2214 unus
1664 2159 1891 2229 quidem
1924 2160 1995 2214 ad
2030 2168 2297 2228 punctum

469 2251 541 2313 K,
588 2259 642 2305 et
685 2250 826 2305 alter
870 2251 942 2305 ad
986 2259 1256 2320 punctum
1300 2251 1364 2313 Β,
1411 2260 1807 2320 supponuntur
1850 2250 2012 2315 recti;
2058 2251 2297 2321 angulus

466 2351 655 2397 autem
694 2343 766 2396 ad
804 2351 1075 2412 punctum
1111 2342 1162 2395 L
1211 2342 1315 2411 (ex
1353 2343 1481 2398 Cor.
1525 2351 1651 2411 post
1690 2342 1916 2395 XXIII.
1960 2342 2165 2411 hujus)
2215 2351 2297 2396 est

466 2432 715 2489 obtusus,
803 2433 1166 2504 Quapropter
1219 2433 1421 2503 (etiam
1465 2433 1719 2503 neglecto
1764 2434 1973 2503 angulo
2018 2443 2182 2488 acuto
2227 2434 2296 2488 ad

466 2533 736 2594 punctum
765 2524 850 2593 A)
889 2543 1111 2579 summa
1139 2524 1392 2579 omnium
1423 2525 1777 2594 angulorum,
1812 2525 1904 2594 qui
1935 2526 2296 2595 comprehen-

467 2617 679 2671 duntur
721 2617 790 2671 ab
832 2605 1186 2670 illis-novem
1228 2616 1641 2685 quadrilateriS‚
1686 2617 1918 2671 excedet
1962 2614 2049 2671 35.
2098 2625 2293 2671 rectos,

470 2707 609 2762 Inde
662 2717 851 2762 autem
906 2707 983 2771 fit,
1039 2717 1100 2762 ut
1152 2716 1396 2777 quatuor
1448 2707 1614 2762 simul
1667 2707 1858 2778 anguli
1932 2707 2294 2777 quadrilateri

468 2799 719 2862 KHLK‚
754 2798 1074 2853 remotioris
1105 2818 1138 2854 a
1167 2798 1303 2862 basi,
1336 2799 1523 2854 minus
1554 2798 1816 2853 deficiant
1846 2818 1878 2853 a
1909 2808 2151 2869 quatuor
2183 2817 2295 2853 rec-

466 2890 555 2954 tis,
595 2908 765 2960 quam
803 2890 874 2945 sit
911 2909 1061 2945 nona
1099 2908 1229 2960 pars
1266 2889 1433 2945 unius
1472 2890 1636 2955 recti;
1675 2899 1729 2945 et
1767 2890 1824 2944 id
1863 2890 2090 2960 quidem
2126 2890 2295 2945 etiam

467 2981 512 3036 si
550 2982 798 3052 aequalis
833 2982 1019 3052 portio
1055 2981 1341 3051 praedicta
1378 2981 1633 3036 omnium
1668 2981 2025 3052 angulorum*
2044 2999 2296 3037 summae

466 3073 817 3144 contingeret
843 3073 1079 3144 singulis
1106 3073 1213 3127 illis
1240 3072 1650 3142 quadrilateriS.
1719 3073 1877 3144 Ergo
1902 3073 2089 3127 minor
2113 3060 2293 3128 adhuc

467 3164 573 3220 erit
601 3164 917 3220 insinuatus
947 3165 1221 3228 defectuS‚
1252 3183 1378 3220 cum
1409 3182 1628 3219 summa
1657 3172 1900 3234 quatuor
1928 3163 2092 3221 simul
2120 3182 2294 3239 angu-

1349 3563 1416 3595 132
