2456 4016
1006 402 1408 449 PROPOSITIO
1431 402 1570 449 V111.

374 523 525 579 Dato
565 523 769 596 quovis
808 524 1091 596 triangulo
1143 525 1268 596 (fiy.
1312 523 1397 596 7.)
1445 524 1630 592 ABD,
1671 525 1998 596 rectanyulo
2037 523 2098 581 in
2133 524 2201 593 B,

525 617 894 686 protrahatur
919 617 1029 671 DA
1062 635 1239 687 usque
1266 617 1341 672 ad
1367 614 1596 687 aliquod
1622 624 1892 688 punctum
1920 616 1995 683 X,
2025 624 2080 672 et
2104 623 2205 687 per

525 696 577 762 Α
618 706 871 779 erigatur
904 707 1014 778 ipsi
1045 708 1153 762 ΑΒ
1188 707 1668 779 perpendicularis
1701 707 1890 773 HAG,
1931 706 2204 763 existente

526 807 734 869 puncto
761 800 827 854 H
852 801 925 855 ad
948 808 1139 870 partes
1165 799 1361 870 cmpuli
1386 799 1568 854 ΧΑΒ.
1637 798 1781 871 Dico
1811 800 2080 869 angulum
2109 817 2204 855 ex-

531 900 751 946 ternum
784 891 967 946 XAH
999 893 1289 962 aequalem
1320 891 1469 963 fore,
1503 899 1601 946 aut
1631 891 1926 957 minorem,
1961 898 2058 945 aut
2088 909 2204 945 ma·

526 983 713 1053 jorem
738 983 979 1049 interm,
1009 992 1063 1038 et
1089 982 1346 1054 opposito
1370 982 1555 1049 ADB,
1581 991 1751 1054 prout
1774 1000 1912 1038 vera
1933 980 2008 1037 sit
2032 983 2205 1054 hypo-

530 1074 704 1129 thesis
726 1074 922 1144 cmyuli
943 1073 1097 1140 recti,
1124 1083 1222 1129 aut
1245 1073 1440 1144 anyuli
1463 1074 1663 1141 obtusi,
1690 1082 1787 1129 aut
1810 1072 2006 1144 anguli
2027 1073 2204 1129 acuti:

528 1165 607 1220 Et
635 1164 901 1221 vicissim.

493 1318 948 1374 Demonstratur.
1034 1321 1306 1375 Sumatur
1343 1319 1400 1375 in
1440 1321 1554 1377 HC
1590 1320 1778 1392 portio
1817 1320 1922 1377 AC
1960 1319 2208 1391 aequalis

376 1408 482 1479 ipsi
515 1409 638 1474 BD,
670 1409 1057 1481 jungaturque
1090 1411 1210 1467 CD.
1284 1411 1412 1467 Erit
1444 1412 1566 1477 CD,
1600 1411 1657 1466 in
1688 1411 1985 1483 hypothesi
2016 1411 2206 1483 anguli

378 1501 530 1565 recti,
560 1502 809 1572 aequalis
849 1502 953 1574 (ex
980 1503 1146 1558 tertia
1174 1502 1382 1575 hujus)
1419 1502 1523 1573 ipsi
1554 1503 1675 1558 AB.
1748 1503 1941 1575 Quare
1969 1503 2208 1574 angulus

377 1592 542 1646 ADB
578 1593 827 1664 aequalis
861 1594 969 1649 erit
1012 1595 1115 1665 (ex
1150 1603 1351 1650 octava
1384 1594 1584 1666 primi)
1629 1595 1841 1666 angulo
1875 1594 2055 1659 DAC,
2093 1593 2209 1649 sive

380 1684 506 1754 ejus
573 1685 793 1755 aequali
858 1686 963 1755 (ex
1016 1686 1433 1757 decimaquinta
1485 1686 1685 1756 primi)
1748 1687 1958 1758 angulo
2011 1685 2205 1741 XAH.

378 1776 549 1847 Quod
582 1786 702 1832 erat
734 1776 918 1847 primo
950 1778 1076 1833 loco
1107 1779 1629 1834 demonstrandum.

494 1869 660 1933 Tum,
698 1868 763 1923 in·
789 1869 1086 1940 hypothesi
1121 1870 1314 1941 anguli
1348 1870 1551 1934 obtusi,
1588 1869 1694 1925 erit
1729 1871 1834 1927 CD
1877 1870 1982 1942 (ex
2014 1871 2209 1926 eadem

378 1959 545 2015 tertia
575 1958 782 2030 hujus)
820 1960 1010 2016 minor
1039 1961 1161 2031 ipsa
1192 1961 1313 2016 AB.
1386 1961 1579 2033 Quare
1610 1962 1668 2017 in
1697 1961 1995 2033 triangulis
2027 1961 2208 2027 ΑΕΒ,

380 2051 544 2107 DAC
575 2052 681 2107 erit
723 2052 827 2123 (ex
858 2052 1334 2124 vigesimaquinta
1364 2052 1565 2124 primi)
1605 2053 1846 2125 angulus
1879 2053 2059 2118 DAC,
2093 2052 2211 2109 sive

389 2142 526 2214 (ipsi
571 2145 645 2199 ad
688 2143 989 2215 verticem)
1043 2144 1240 2209 XAH,
1286 2144 1474 2200 minor
1518 2145 1729 2216 angulo
1772 2144 1951 2200 ADB.
2040 2144 2210 2216 Quod

379 2243 500 2290 erat
531 2237 779 2291 secundo
810 2236 937 2291 loeo
966 2237 1488 2299 demonstrandum.

414 2393 418 2398 ⁴
496 2327 770 2392 Tandem,
799 2327 856 2382 in
881 2328 1178 2399 hypothesi
1203 2328 1395 2399 anguli
1421 2327 1586 2393 acuti,
1614 2328 1720 2384 erit
1746 2329 1851 2386 CD
1886 2328 1991 2400 (ex
2015 2330 2210 2384 eadem

380 2414 547 2474 tertia
589 2417 796 2489 hujus)
847 2418 1040 2490 major
1081 2419 1464 2490 contraposita
1508 2419 1629 2474 AB.
1716 2420 1909 2492 Quare
1953 2420 2011 2475 in
2054 2438 2212 2491 prae-

381 2509 545 2566 dictis
585 2509 903 2581 trianguliS,
947 2511 1054 2566 erit
1105 2511 1209 2582 (ex
1250 2512 1447 2567 eadem
1488 2511 1962 2583 vigesimaquinta
2004 2512 2202 2583 primi)

381 2601 622 2672 angulus
655 2601 837 2666 DAC,
874 2601 993 2658 sive
1037 2602 1173 2673 (ipsi
1209 2604 1281 2658 ad
1314 2602 1614 2674 verticem)
1658 2602 1855 2668 XAH,
1892 2602 2084 2675 major
2116 2622 2213 2659 an-

383 2693 517 2764 gulo
547 2692 728 2749 ADB.
802 2693 974 2766 Quod
1004 2703 1125 2750 erat
1155 2694 1323 2750 tertio
1354 2695 1479 2751 loco
1508 2695 2028 2751 demonstrandum.

499 2784 769 2841 Vicissim
802 2794 1020 2841 autem:
1057 2785 1101 2840 si
1136 2786 1378 2858 angulus
1412 2785 1591 2851 CAD,
1629 2786 1748 2842 sive
1779 2786 1906 2857 ejus
1939 2788 2013 2843 ad
2044 2786 2214 2843 verti-

383 2895 504 2932 cem
546 2876 743 2942 XAH,
787 2876 1037 2948 aequalis
1079 2877 1151 2933 sit
1193 2877 1431 2942 intern0‚
1476 2887 1530 2933 et
1570 2877 1832 2948 opposito
1873 2878 2068 2940 ADB:
2108 2878 2215 2934 erit

394 2968 498 3039 (ex
523 2977 726 3039 quarta
751 2967 951 3039 primi)
986 2968 1184 3040 juncta
1211 2969 1316 3026 CD
1344 2968 1592 3040 aequalis
1619 2968 1724 3040 ipsi
1751 2969 1874 3034 AB,
1901 2987 1966 3026 ac
1992 2978 2215 3042 propte-

391 3056 488 3112 [11]
512 3078 607 3115 rea
662 3060 767 3130 (ex
811 3069 1012 3130 quarta
1057 3059 1264 3131 hujus)
1319 3078 1453 3116 vera
1498 3060 1604 3116 erit
1650 3060 1976 3132 hypothesis
2023 3060 2211 3133 anguli

387 3151 537 3207 recti.
1530 3161 1534 3166 '
