2456 4016
382 320 651 376 habemus
702 318 979 375 intentum
1027 318 1342 375 communis
1392 319 1788 390 perpendiculi,
1840 337 1968 375 cum
2017 336 2211 375 omnes

382 411 574 482 anguli
606 412 679 466 ad
710 420 917 482 puncta
949 412 1007 465 K
1038 419 1428 481 supponantur
1461 411 1595 466 recti
1613 431 1625 477 ;
1656 411 1744 466 vel
1776 428 1972 466 omnes
2004 411 2083 465 illi
2115 429 2213 466 an-

382 502 498 573 guli
528 511 817 573 ponuntur
845 501 1035 565 obtusi,
1059 519 1256 557 versus
1286 511 1473 572 partes
1502 502 1693 573 puncti
1722 501 1792 566 A,
1825 520 1890 556 ac
1918 510 2211 573 propterea
2297 564 2301 568 ,

382 611 578 648 omnes
611 593 806 648 itidem
837 592 985 648 acuti
1016 611 1213 648 versus
1244 601 1431 663 partes
1463 593 1653 663 puncti
1686 593 1759 657 X,
1793 602 1848 648 et
1879 592 1957 647 sic
1989 611 2213 649 rursum

382 694 765 755 argumentor.
836 684 1126 755 Quoniam
1153 684 1210 738 in
1238 684 1621 754 quadrilatero
1650 684 1893 739 KDHK
1921 684 2055 739 recti
2085 693 2214 739 sunt

390 772 485 827 [46]
519 776 711 847 anguli
739 777 811 831 ad
839 784 1046 845 puncta
1075 776 1147 839 K,
1178 775 1408 845 ponitur
1434 785 1622 831 autem
1650 784 1847 831 acutus
1876 775 2116 846 angulus
2142 775 2214 831 ad

382 876 654 937 punctum
694 868 764 931 D,
807 867 913 921 erit
962 867 1065 936 (ex
1106 867 1235 922 Cor.
1280 866 1355 921 ΙΙ.
1398 876 1524 937 post
1565 869 1614 923 32
1658 866 1863 937 hujus)
1912 867 2059 922 latus
2101 867 2215 921 DK

383 958 573 1029 majus
621 959 794 1013 latere
843 959 980 1013 HK.
1074 958 1256 1013 Simili
1304 960 1478 1014 modo
1525 960 1854 1014 ostendetur
1900 959 2046 1014 latus
2095 959 2216 1013 HK

383 1050 574 1120 majus
603 1068 723 1104 esse
751 1050 924 1104 latere
954 1051 1064 1103 LK
1081 1069 1092 1116 ;
1120 1059 1287 1120 atque
1317 1050 1395 1105 ita
1424 1068 1659 1120 semper,
1691 1050 2043 1105 conferendo
2072 1050 2217 1105 inter

385 1160 443 1196 se
481 1141 970 1211 perpendiculares
1010 1160 1082 1195 ex
1119 1141 1367 1211 quolibet
1404 1151 1614 1212 puncto
1652 1141 1851 1197 altiore
1890 1141 2064 1212 ipsius
2103 1141 2215 1196 AX

385 1232 659 1288 demissas
706 1234 778 1287 ad
824 1233 1061 1287 alteram
1108 1233 1230 1286 ΒΧ.
1320 1232 1684 1304 Quapropter
1729 1233 1882 1303 ipsae
1930 1233 2059 1297 AX,
2110 1233 2216 1287 ΒΧ

386 1342 606 1394 semper
633 1324 817 1395 magis
846 1342 1044 1379 versus
1075 1333 1262 1394 partes
1293 1324 1484 1395 puncti
1517 1325 1572 1378 X
1603 1325 1675 1380 ad
1707 1342 1765 1379 se
1796 1324 2036 1379 invicem
2067 1342 2217 1379 acce-

386 1416 549 1471 dent:
582 1416 745 1487 Quae
775 1424 860 1470 est
888 1415 1066 1471 altera
1096 1433 1227 1485 pars
1258 1416 1531 1486 propositi
1564 1415 1850 1486 disjuncti.

503 1507 597 1561 Ex
626 1507 827 1577 quibus
857 1507 1118 1562 omnibus
1149 1516 1368 1562 constat
1399 1509 1539 1563 duas
1571 1507 1846 1577 quaslibet
1877 1517 2055 1563 rectas
2087 1507 2216 1571 AX,
2310 1536 2313 1539 *

388 1599 511 1663 EX,
562 1617 704 1669 quae
752 1599 808 1652 in
856 1599 1056 1653 eodem
1103 1599 1272 1668 plano
1319 1598 1582 1663 existant,
1633 1599 1719 1653 vel
1767 1618 1944 1654 unum
1992 1598 2219 1669 aliquod

398 1690 600 1760 (etiam
635 1690 693 1745 in
729 1690 1026 1761 hypothesi
1065 1690 1257 1761 anguli
1295 1690 1476 1761 acuti)
1523 1708 1820 1745 commune
1856 1691 2061 1745 habere
2098 1709 2220 1761 per-

388 1781 764 1851 pendiculum,
797 1782 886 1835 vel
919 1780 977 1835 in
1008 1781 1340 1836 alterutram
1371 1783 1608 1836 eandem
1638 1790 1857 1851 partem
1887 1790 2218 1852 protractaS‚

389 1872 496 1927 nisi
529 1873 835 1943 aliquando
867 1874 938 1927 ad
973 1872 1191 1927 finitam
1224 1872 1551 1928 distantiam
1583 1892 1697 1928 una
1729 1873 1785 1927 in
1819 1873 2055 1928 alteram
2087 1873 2220 1927 inci-

389 1966 502 2028 dat,
533 1982 753 2033 semper
778 1964 961 2035 magis
988 1966 1059 2018 ad
1089 1982 1146 2018 se
1174 1964 1414 2018 invicem
1442 1966 1719 2019 accedere.
1772 1965 1942 2035 Quod
1970 1973 2090 2019 erat
2118 1974 2215 2019 etc.

1029 2206 1513 2252 COROLLARIUM
1552 2207 1587 2251 Ι.

508 2327 663 2382 Hinc
693 2328 885 2399 anguli
917 2345 1114 2383 versus
1143 2327 1324 2382 basim
1354 2328 1459 2382 AB
1490 2337 1655 2384 erunt
1685 2346 1906 2400 semper
1935 2329 2121 2385 obtusi
2152 2329 2224 2384 ad

392 2418 530 2474 illud
564 2427 836 2488 punctum
872 2418 1047 2489 ipsius
1083 2419 1213 2483 AX,
1253 2438 1325 2474 ex
1361 2438 1473 2490 quo
1509 2419 1824 2475 demittitur
1859 2420 2222 2490 perpendicu-

391 2509 526 2565 laris
551 2511 624 2565 ad
649 2519 860 2565 rectam
885 2511 991 2564 ΒΧ
1012 2530 1022 2565 :
1047 2520 1228 2575 erunt,
1256 2511 1503 2581 inquam,
1532 2529 1752 2581 semper
1776 2511 1978 2576 obtusi,
2006 2511 2224 2583 quoties

393 2602 538 2657 duae
572 2601 697 2656 illae
731 2601 863 2667 AX,
899 2610 954 2657 et
989 2602 1095 2656 ΒΧ
1130 2620 1350 2672 semper
1381 2602 1565 2674 magis
1599 2604 1672 2658 ad
1706 2621 1766 2657 se
1799 2602 2041 2658 invicem
2073 2621 2223 2659 acce-

394 2694 531 2748 dant
554 2711 752 2748 versus
774 2702 962 2763 partes
987 2703 1325 2764 punctorum
1351 2694 1436 2760 X;
1461 2695 1613 2764 quod
1638 2694 1866 2764 quidem
1890 2712 2029 2750 sano
2053 2696 2225 2751 modo

394 2784 629 2856 intelligi
677 2785 855 2849 debet,
905 2785 1175 2840 nimirum
1222 2786 1290 2839 de
1351 2786 1905 2855 perpendicularibus
1968 2786 2224 2841 demissis

394 2884 523 2931 ante
555 2876 905 2946 praedictum
935 2894 1248 2941 occursum,
1283 2876 1329 2931 si
1364 2876 1515 2932 forte
1547 2878 1619 2932 ad
1650 2876 1869 2932 finitam
1900 2876 2224 2933 distantiam

395 2985 508 3022 una
537 2967 594 3022 in
624 2967 859 3023 alteram
888 2967 1134 3023 incidere
1163 2967 1375 3022 debeat.
