2456 4016
576 298 836 354 Tandem
861 316 1013 355 vero,
1086 299 1146 356 Si
1173 308 1288 354 tres
1315 299 1507 371 anguli
1534 300 1808 371 propositi
1834 300 2103 372 trianguli
2132 300 2288 356 ABC

385 421 391 425 ·
460 399 746 462 ponantur
777 390 1027 447 minores
1064 391 1284 447 duobus
1322 391 1504 456 rectiS,
1543 391 1664 462 jam
1699 393 1944 448 duorum
1979 391 2289 464 triangulo-

462 500 589 537 rum
616 481 799 546 ADB,
831 483 1006 546 CDB‚
1038 500 1234 537 omnes
1263 482 1430 538 simul
1460 483 1651 554 anguli
1680 483 1929 538 minores
1961 492 2125 539 erunt
2155 502 2289 554 qua·
2364 468 2371 477 ⁸

460 582 591 628 tuor
623 573 806 638 rectiS,
840 582 1070 644 propter
1101 574 1244 629 duos
1274 573 1499 629 additos
1532 583 1713 629 rectos
1745 574 1983 646 angulos
2015 576 2088 630 ad
2119 593 2291 645 punc-

460 673 583 720 tum
625 665 695 720 D.
779 665 911 720 Hoc
951 673 1165 720 stante:
1206 664 1461 721 neutrius
1500 666 1674 721 modo
1716 666 1997 721 dictorum
2037 666 2291 737 triangu-

460 755 647 811 lorum
675 765 790 812 tres
821 756 987 811 simul
1018 756 1210 828 anguli
1241 756 1501 827 aequales
1531 766 1712 822 erunt,
1745 766 1843 813 aut
1869 756 2121 827 majores
2153 758 2291 813 duo-

461 847 564 903 bus
597 847 762 902 rectis
779 867 792 914 ;
823 866 956 902 nam
988 847 1068 902 sie
1097 848 1386 903 viceversa
1417 848 1647 904 alterius
1678 847 1948 919 trianguli
1977 857 2092 904 tres
2125 848 2290 904 simul

461 939 654 1009 anguli
695 938 944 993 minores
990 939 1182 994 forent
1224 939 1443 995 duobus
1486 940 1666 995 rectis.
1752 940 1945 1011 Quare
1997 939 2101 1011 (ex
2141 958 2291 995 nona

461 1029 668 1100 hujus)
718 1030 789 1085 ab
828 1049 943 1086 uno
984 1030 1213 1101 quidem
1252 1030 1540 1102 triangulo
1581 1031 1927 1086 stabiliretur
1965 1031 2291 1102 hypothesis

461 1129 559 1177 aut
587 1121 779 1193 anguli
811 1121 964 1186 recti,
994 1130 1092 1177 aut
1121 1122 1313 1193 anguli
1343 1122 1545 1187 obtusi,
1577 1131 1631 1179 et
1660 1123 1730 1178 ab
1759 1122 1937 1178 altero
1965 1122 2291 1194 hypothesis

461 1213 653 1284 anguli
690 1213 868 1280 acuti;
903 1214 1056 1284 quod
1091 1222 1368 1285 repugnat
1403 1213 1646 1285 quintae,
1686 1223 1896 1279 sextae,
1934 1223 1989 1270 et
2024 1213 2292 1284 septimae

461 1304 651 1374 hujus,
732 1304 918 1376 Igitur
954 1313 1070 1360 tres
1108 1304 1275 1361 simul
1314 1305 1506 1376 anguli
1544 1305 1838 1376 utriusque
1874 1305 2291 1376 praedictorum

461 1395 879 1467 triangulorum
913 1397 1163 1451 minores
1202 1405 1367 1452 erunt
1404 1397 1624 1453 duobus
1663 1396 1858 1464 rectis;
1896 1416 1961 1452 ac
1997 1406 2291 1468 propterea

472 1487 577 1557 (ex
616 1484 713 1540 [22]
752 1506 904 1543 nona
937 1487 1144 1559 hujus)
1188 1488 1503 1544 stabilietur
1535 1488 1863 1560 hypothesis
1897 1489 2089 1560 anguli
2125 1488 2287 1545 acuti.

463 1578 634 1650 Quod
663 1589 784 1635 erat
812 1580 981 1635 tertio
1010 1580 1135 1635 loco
1164 1581 1685 1636 demonstrandum.

579 1670 778 1742 Itaque
819 1690 892 1726 ex
932 1671 1181 1742 quolibet
1220 1671 1508 1743 triangulo
1549 1671 1723 1736 ABC,
1766 1671 1932 1742 cujus
1970 1681 2085 1728 tres
2127 1672 2292 1728 simul

462 1762 654 1835 anguli
679 1763 940 1834 aequales
965 1763 1093 1828 sint,
1121 1772 1218 1819 aut
1240 1763 1509 1834 majoreS‚
1537 1772 1635 1819 aut
1658 1763 1907 1819 minores
1933 1764 2152 1820 duobus
2179 1783 2294 1819 rec-

462 1854 552 1919 tis,
594 1854 878 1911 stabilitur
916 1855 1223 1926 respective
1262 1856 1590 1926 hypothesis
1630 1864 1728 1911 aut
1767 1855 1959 1927 anguli
2001 1856 2153 1920 recti,
2197 1865 2293 1911 aut

463 1946 654 2018 anguli
683 1946 886 2012 obtusi,
916 1956 1013 2003 aut
1041 1946 1233 2019 anguli
1262 1947 1426 2002 acuti.
1497 1946 1670 2018 Quod
1698 1956 1818 2002 erat
1846 1947 2213 2018 propositum.

1129 2110 1627 2157 COROLLARIUM.

524 2240 529 2245 ·
580 2217 764 2284 Hinc;
793 2227 1084 2288 protracto
1111 2237 1226 2274 uno
1257 2218 1505 2289 quolibet
1533 2218 1787 2290 cujusvis
1816 2219 2089 2289 propositi
2119 2218 2294 2274 trian-

464 2308 580 2380 guli
606 2309 797 2374 latere,
822 2318 885 2365 ut
909 2318 1047 2380 puta
1069 2309 1175 2364 AB
1202 2310 1260 2365 in
1286 2311 1377 2375 H;
1402 2310 1508 2366 erit
1544 2310 1648 2381 (ex
1675 2311 1760 2366 13.
1790 2310 1990 2381 primi)
2026 2319 2294 2366 externus

464 2401 705 2472 angulus
737 2401 902 2457 HBC
931 2410 1029 2457 aut
1058 2401 1323 2472 aequaliS,
1357 2410 1455 2457 aut
1481 2401 1686 2467 minor,
1719 2411 1816 2457 aut
1844 2401 2036 2473 major
2067 2402 2294 2473 reliquis

465 2492 632 2548 simul
675 2492 928 2557 internis,
972 2501 1028 2548 et
1068 2493 1342 2564 oppositis
1385 2493 1608 2568 angulis
1650 2495 1723 2549 ad
1763 2503 1972 2564 puncta
2014 2493 2085 2557 A,
2130 2503 2185 2549 et
2229 2495 2291 2558 C,

464 2593 633 2655 prout
667 2603 804 2640 vera
842 2584 1018 2640 fuerit
1053 2584 1379 2656 hypothesis
1415 2593 1513 2640 aut
1548 2585 1740 2656 anguli
1777 2585 1930 2650 recti,
1968 2594 2066 2642 aut
2101 2586 2291 2657 anguli

465 2675 669 2741 obtusi,
704 2684 802 2732 aut
833 2675 1025 2748 anguli
1060 2675 1224 2732 acuti.
1299 2677 1374 2731 Et
1406 2675 1670 2731 vicissim.
