2456 4016
420 339 604 405 finem,
640 349 701 396 ut
735 359 800 396 ea
833 340 1017 398 AXM
1054 342 1158 398 sub
1188 344 1389 397 eodem
1422 343 1659 399 immoto
1692 354 1983 416 segmento
2018 345 2131 400 AX
2166 346 2247 399 lo-

419 431 534 486 cari
574 450 801 487 rursum
838 432 1017 502 possit
1054 433 1112 487 in
1150 433 1349 488 eodem
1386 434 1554 504 plano
1593 436 1665 490 ad
1703 437 2131 507 congruendum
2169 436 2247 490 illi

420 523 581 578 alteri
616 522 799 588 AXF,
838 523 896 578 in
932 543 1043 594 qua
1078 524 1347 580 nimirum
1382 525 1732 582 continuatio
1769 526 1889 597 ipsa
1925 527 2088 581 AXF
2125 546 2249 582 ver-

420 632 515 670 sus
549 615 844 670 dexteram
878 615 1076 671 similis
1109 616 1272 685 plane
1306 616 1393 681 sit,
1430 626 1527 672 aut
1559 618 1807 688 aequalis
1840 617 2249 674 continuationi

421 705 605 761 AXM
634 725 831 762 versus
860 707 1096 772 laevam,
1129 725 1193 762 ac
1224 726 1450 763 rursum
1480 709 1828 765 continuatio
1860 709 2024 764 AXF
2053 728 2249 765 versus

420 796 639 852 laevam
670 797 868 853 similis
898 798 1061 868 plane
1093 798 1181 863 sit,
1216 808 1312 854 aut
1345 799 1593 870 aequalis
1624 800 2032 856 continuationi
2066 801 2249 855 AXM

420 907 618 944 versus
649 890 958 944 dexteram.

537 980 826 1051 Quoniam
860 999 997 1036 vero
1030 1000 1194 1037 arcus
1230 982 1327 1038 BC
1360 982 1550 1052 major
1584 992 1667 1038 est
1701 983 1960 1053 ejusdem
1992 984 2251 1054 portione

428 1067 524 1123 [79]
560 1072 694 1135 MF,
726 1071 1123 1143 designarique
1153 1073 1521 1129 uniformiter
1548 1084 1784 1144 possunt
1814 1075 1871 1129 in
1900 1094 1966 1130 ea
1994 1076 2252 1146 portione

423 1163 541 1217 MF
569 1162 679 1218 alia
708 1164 822 1219 duo
851 1173 1059 1234 puncta
1088 1183 1216 1219 cum
1245 1165 1481 1230 minore,
1515 1166 1634 1220 sine
1663 1167 1778 1222 ullo
1807 1176 1963 1222 certo
1991 1167 2249 1230 terminO,

421 1254 868 1325 intercapedine;
895 1255 1232 1311 alterutrum
1260 1275 1393 1312 sane
1420 1257 1478 1312 in
1506 1259 1609 1312 hac
1637 1258 2055 1328 praedictorum
2083 1278 2253 1329 punc-

421 1355 611 1402 torum
653 1347 1146 1417 approximatione
1188 1348 1514 1419 contingere
1558 1350 1735 1404 debet.
1822 1351 2019 1405 Unum
2061 1360 2160 1414 est,
2207 1350 2251 1404 si

420 1439 651 1493 tandem
679 1437 961 1494 incidatur
986 1439 1043 1493 in
1069 1458 1247 1495 unum
1273 1439 1532 1510 idemque
1560 1441 1958 1497 intermedium
1985 1451 2254 1511 punctum

424 1530 494 1593 D,
537 1531 610 1584 ad
650 1531 802 1600 quod
843 1530 889 1584 si
931 1530 1207 1602 jungatur
1250 1531 1381 1596 XD,
1422 1532 1552 1587 talis
1593 1532 1866 1588 habeatur
1906 1532 2254 1589 continuatio

423 1620 613 1686 AXD,
654 1621 743 1677 cui
783 1622 886 1676 soli
927 1622 1226 1678 conveniat
1274 1624 1462 1693 (facta
1500 1624 1922 1694 comparatione
1962 1624 2107 1680 inter
2145 1625 2255 1680 lae-

422 1731 570 1778 vam,
602 1732 666 1768 ac
696 1715 992 1769 dexteram
1021 1715 1272 1785 partem)
1311 1733 1431 1770 esse
1462 1715 1566 1770 sibi
1599 1715 1702 1785 ipsi
1734 1716 1966 1771 omnino
1997 1716 2252 1780 similem,

423 1813 521 1860 aut
551 1805 858 1874 aequalem.
933 1805 1195 1861 Alterum
1228 1815 1327 1871 est,
1362 1806 1406 1860 si
1440 1808 1553 1862 duo
1584 1807 1720 1862 talia
1751 1807 2111 1863 inveniantur
2144 1808 2255 1863 dis-

423 1896 597 1951 tincta
627 1905 834 1967 puncta
864 1898 946 1961 M,
979 1906 1033 1952 et
1063 1898 1126 1962 F,
1160 1899 1232 1953 ad
1263 1916 1405 1967 quae
1436 1898 1665 1968 junctae
1696 1899 1839 1963 XM,
1873 1908 1927 1954 et
1958 1900 2081 1964 XF,
2115 1901 2254 1955 duas

424 1987 727 2043 exhibeant
760 1988 1229 2053 continuationeS‚
1267 2009 1439 2045 unam
1474 1990 1675 2054 AXM,
1712 2000 1767 2045 et
1801 1991 2036 2045 alteram
2066 1991 2252 2063 AXF‚

424 2097 665 2150 quarum
693 2089 930 2150 utraque
961 2080 1033 2135 sit
1060 2080 1164 2135 sibi
1195 2081 1317 2150 ipsi,
1346 2083 1519 2137 modo
1547 2081 1667 2152 jam
1697 2082 1992 2151 explicam,
2023 2082 2255 2137 omnino

425 2170 639 2235 similis,
682 2181 780 2227 aut
818 2172 1081 2242 aequalis,
1167 2174 1296 2227 Hoc
1336 2181 1525 2228 autem
1565 2174 1873 2229 secundum
1913 2174 2256 2244 impossibile

424 2280 545 2318 esse
570 2262 649 2318 sic
672 2263 1017 2318 demonstro
1061 2264 1213 2319 Nam
1236 2283 1309 2319 ex
1332 2264 1467 2334 ipsis
1490 2264 1745 2319 terminis
1771 2274 2029 2320 constare
2054 2274 2253 2335 potest,

425 2356 577 2424 quod
616 2364 768 2410 recta
805 2354 969 2419 linea,
1010 2374 1083 2410 ex
1120 2365 1328 2425 puncto
1366 2355 1421 2409 A
1459 2374 1559 2426 per
1596 2356 1651 2410 X
1690 2356 1924 2412 ulterius
1963 2358 2253 2426 producta,

425 2446 650 2501 unicam
681 2455 903 2502 tantum
936 2446 1127 2501 sortiri
1161 2455 1345 2516 potest
1378 2446 1434 2501 in
1467 2467 1534 2502 eo
1566 2448 1663 2502 tali
1699 2448 1866 2517 plano
1901 2448 2254 2518 positionem,

425 2539 561 2592 dum
601 2537 810 2593 scilicet
848 2539 1125 2608 quaedam
1166 2539 1529 2608 superaddita
1568 2540 1675 2593 XF
1714 2558 1888 2609 aeque
1927 2540 2159 2595 omnino
2199 2559 2256 2595 se

426 2629 627 2684 habeat
664 2629 721 2683 in
757 2629 992 2694 laevam,
1032 2639 1086 2684 et
1121 2630 1178 2684 in
1214 2631 1508 2685 dexteram
1545 2621 2255 2702 partem‘praesuppositae

427 2720 558 2784 AX,
585 2739 684 2776 seu
709 2739 823 2775 non
847 2721 1030 2792 magis
1056 2720 1113 2775 in
1137 2721 1372 2786 laevam,
1400 2740 1571 2791 quam
1596 2722 1653 2776 in
1680 2724 1973 2778 dexteram
1998 2721 2256 2794 ejusdem

426 2822 644 2882 partem
673 2822 994 2884 convergat.
1069 2813 1203 2867 Non
1233 2832 1370 2884 ergo
1399 2813 1508 2868 alia
1538 2814 1644 2868 erit
1674 2814 2022 2870 continuatio
2054 2815 2254 2878 AXM,

427 2922 570 2974 quae
596 2922 822 2960 rursum
847 2923 1022 2975 aeque
1047 2904 1279 2959 omnino
1304 2923 1363 2959 se
1388 2905 1590 2960 habeat
1615 2905 1672 2960 in
1695 2905 1931 2970 laevam,
1958 2915 2013 2961 et
2038 2906 2096 2961 in
2121 2907 2257 2962 dex-

427 3005 608 3051 teram
649 3004 867 3066 partem
909 2995 1168 3066 ejusdem
1211 2995 1340 3050 AX.
1429 2996 1652 3052 Scilicet
1693 3005 1914 3052 constat
1955 2997 2257 3053 subsistere

428 3087 595 3143 simul
631 3105 747 3142 non
785 3105 978 3159 posse;
1015 3095 1070 3143 et
1106 3088 1258 3157 quod
1295 3087 1645 3143 continuatio
1683 3087 1848 3143 AXF
1885 3106 2082 3144 versus
2120 3089 2258 3144 dex-

428 3187 608 3234 teram
641 3178 839 3233 similis
871 3179 1033 3249 plane
1067 3178 1154 3242 sit,
1189 3188 1286 3234 aut
1317 3178 1565 3249 aequalis
1597 3178 1700 3234 sibi
1732 3179 1837 3249 ipsi
1870 3179 2256 3235 consideratae

430 3288 625 3325 versus
662 3270 909 3335 laevam;
946 3278 1000 3325 et
1037 3272 1187 3340 quod
1226 3270 1336 3325 alia
1372 3271 1650 3341 quaedam
1686 3270 2034 3326 continuatio
2073 3270 2256 3325 AXM
