2456 4016
445 302 684 359 Constat
718 311 908 358 autem
943 302 1169 358 evenire
1205 303 1263 358 id
1299 321 1414 358 non
1449 321 1629 374 posse,
1668 304 1777 359 nisi
1813 312 1941 375 post
1976 322 2272 360 occursum

444 383 619 464 ipsius
647 394 1007 449 continuatae
1035 394 1150 448 AD
1177 394 1235 449 in
1263 395 1551 464 quoddam
1577 385 1848 465 punctum
1872 396 1923 449 L
1952 395 2127 466 ipsius
2156 396 2268 451 PL.

448 484 508 540 Si
542 484 693 540 enim
725 495 996 555 punctum
1030 488 1081 541 T
1113 485 1446 541 consisteret
1478 496 1606 541 ante
1641 487 1799 542 illum
1831 504 2143 551 occursum,
2180 488 2275 542 de-

444 577 599 631 beret
630 577 751 647 ipsa
781 577 1259 647 perpendicularis
1292 577 1400 632 TR
1429 595 1617 633 secare
1649 579 1886 633 eandem
1919 579 2019 632 PL
2048 578 2107 632 in
2138 596 2275 648 quo-

445 668 577 723 dam
600 677 809 739 puneto
834 669 906 722 K.
974 670 1138 724 Tunc
1161 677 1351 723 autem
1375 668 1433 723 in
1456 669 1743 740 triangulo
1769 670 1935 724 KPR
1959 669 2276 724 inveniren-

444 769 539 815 tur
561 760 676 815 duo
699 760 891 831 anguli
918 759 1053 814 recti
1079 759 1137 814 in
1161 759 1382 830 punctis
1408 761 1472 824 P,
1498 769 1552 815 et
1577 761 1658 826 R;
1682 761 1834 831 quod
1860 769 1944 815 est
1969 760 2274 816 absurdum

444 860 644 906 contra
689 851 1267 921 decimamseptimam
1313 851 1495 922 primi.
1585 852 1783 922 Itaque
1830 860 2050 907 constat
2097 861 2275 907 rectas

446 942 577 1007 AD,
607 943 707 997 PL
731 942 836 998 sibi
862 942 1102 998 invicem
1139 943 1229 1014 (in
1254 943 1550 1014 hypothesi
1578 943 1770 1015 anguli
1799 942 1966 1013 recti)
2003 943 2061 998 in
2088 943 2276 1014 aliquo

445 1043 655 1104 puncto
681 1052 1014 1089 occursuras
1053 1034 1140 1105 (et
1168 1034 1396 1104 quidem
1423 1036 1496 1090 ad
1526 1034 1759 1099 finitam,
1791 1053 1890 1090 seu
1917 1034 2274 1089 terminatam

446 1125 807 1195 distantiam)
855 1126 901 1180 si
941 1127 1349 1197 protrahantur
1383 1144 1580 1182 versus
1619 1126 1743 1180 illas
1782 1134 1986 1196 parteS,
2027 1127 2100 1181 ad
2138 1145 2276 1197 quas

447 1235 575 1272 eum
603 1216 859 1287 subjecta
888 1216 994 1271 ΑΡ
1034 1216 1445 1288 (quantaelibet
1474 1217 1664 1272 finitae
1694 1216 2095 1288 longitudinis)
2135 1219 2277 1273 duos

447 1308 686 1380 angulos
724 1309 972 1364 efficiunt
1010 1308 1229 1364 duobus
1269 1308 1434 1364 rectis
1470 1309 1735 1363 minores.
1816 1309 1988 1380 Quod
2026 1317 2146 1364 erat
2185 1310 2278 1365 de·-

447 1401 896 1455 monstrandum.
940 1396 1036 1452 [15]

1093 1577 1495 1625 PROPOSITIO
1525 1579 1636 1623 XII.

449 1706 700 1785 Rursum
726 1706 851 1762 dico
878 1715 1089 1763 rectam
1113 1707 1228 1762 AD
1255 1705 1460 1763 alicubi
1484 1709 1557 1762 ad
1584 1726 1679 1763 eas
1701 1715 1891 1779 partes
1920 1726 2275 1764 occursuram

602 1807 788 1854 rectae
811 1799 913 1853 PL
951 1799 1039 1870 (et
1063 1798 1290 1870 quidem
1318 1800 1392 1854 ad
1416 1798 1654 1870 finitam,
1682 1818 1783 1854 seu
1812 1798 2168 1855 terminatam
2198 1799 2280 1855 di-

601 1890 903 1961 stantiam)
945 1890 1113 1946 etiam
1145 1891 1206 1946 iu
1236 1889 1535 1963 hypothesi
1564 1891 1759 1961 cmyuli
1791 1890 1990 1947 obtusi.

567 2038 1022 2094 Demonstratur.
1100 2039 1253 2093 Nam
1285 2047 1524 2108 sumpta,
1560 2047 1622 2093 ut
1654 2038 1712 2092 in
1743 2038 2032 2109 superiore
2065 2041 2280 2110 Propo-

450 2129 671 2195 sitione‚
709 2130 816 2184 DF
850 2129 1069 2201 aequali
1104 2129 1210 2200 ipsi
1246 2129 1377 2195 AD,
1415 2129 1783 2201 demissisque
1816 2130 1938 2201 jam
1972 2130 2122 2186 notis
2157 2149 2281 2202 per-

450 2221 921 2292 pendicularibuS‚
968 2223 1266 2277 ostendere
1308 2221 1485 2277 debeo
1529 2221 1785 2292 junctam
1831 2223 1955 2277 DM
1999 2222 2280 2293 majorem

455 2314 582 2369 fore
606 2313 727 2384 ipsa
752 2314 874 2378 DF,
901 2314 1020 2369 sive
1046 2313 1175 2378 DA,
1202 2322 1369 2384 atque
1394 2313 1522 2368 ideo
1557 2313 1661 2384 (ex
1685 2312 1901 2368 decima
1925 2313 2131 2385 hujus)
2166 2333 2281 2369 rec-

451 2414 569 2461 tam
600 2406 717 2461 BM
745 2405 1029 2476 majorem
1060 2405 1187 2460 fore
1216 2405 1338 2476 ipsa
1366 2404 1488 2459 AB.
1560 2404 1637 2459 Et
1664 2404 1848 2475 primo
1877 2423 1993 2460 non
2021 2405 2127 2461 erit
2156 2407 2280 2461 DM

453 2496 702 2568 aequalis
729 2496 833 2567 ipsi
861 2497 980 2551 DF.
1051 2497 1353 2553 Caeterum
1379 2496 1620 2568 angulus
1649 2496 1825 2551 DMF
1852 2496 2100 2568 aequalis
2132 2497 2281 2554 foret
