2456 4016
434 360 614 406 tracta
638 351 838 405 cadere
860 358 981 405 tota
1003 349 1167 405 debet
1189 366 1386 404 versus
1410 357 1596 418 partes
1620 365 1919 411 convexam,
1946 356 2113 418 atque
2137 346 2265 402 ideo

436 443 557 512 ipsa
603 442 709 496 erit
754 441 1012 511 ejusdem
1057 458 1263 496 curvae
1308 449 1561 510 tangens,
1651 438 1822 510 Quod
1868 447 1988 493 erat
2034 439 2265 493 demon-

437 534 747 589 strandum.
789 529 886 584 [89]

1021 745 1423 791 PROPOSITIO
1453 744 1680 790 XXXVI.

437 862 503 918 Si
530 872 683 917 recta
712 861 1008 932 quaepiam
1038 862 1145 915 XF
1187 861 1310 931 (ᾗς.
1344 861 1468 930 44.)
1508 870 1734 916 acutum
1766 861 2035 930 anyulum
2068 858 2268 930 efficiat

592 973 718 1009 cum
745 952 946 1024 quavis
972 952 1234 1008 ordinata
1258 953 1374 1018 LF,
1402 971 1517 1007 non
1543 953 1704 1007 cadet
1728 959 1996 1022 punctum
2023 952 2080 1005 X
2107 959 2268 1006 extra

592 1045 890 1100 cavitatem
918 1063 1140 1110 curvae,
1166 1043 1277 1099 nisi
1298 1043 1456 1114 prius
1481 1043 1604 1114 ipsa
1628 1044 1736 1097 XF
1761 1043 1822 1097 in
1847 1042 2034 1113 aliquo
2060 1051 2266 1112 puncto

595 1138 645 1193 O
678 1155 909 1192 curvam
938 1135 1194 1191 secuerit.

556 1263 1010 1318 Demonstratur.
1084 1262 1322 1318 Constat
1354 1262 1498 1317 sumi
1529 1280 1692 1332 posse
1723 1262 1780 1316 in
1811 1262 1932 1332 ipsa
1963 1261 2068 1316 XF
2100 1279 2270 1331 punc-

438 1364 559 1409 tum
596 1356 884 1425 quoddam
922 1355 978 1408 X
1016 1355 1160 1409 adeo
1196 1353 1445 1409 vicinum
1483 1354 1587 1424 ipsi
1627 1362 1834 1424 puncto
1873 1353 1937 1416 F,
1977 1362 2038 1408 ut
2075 1352 2270 1422 juncta

436 1446 544 1500 LX
574 1446 729 1516 prius
758 1465 991 1501 curvam
1020 1455 1166 1500 secet
1195 1445 1252 1499 in
1281 1445 1470 1515 aliquo
1499 1454 1707 1515 puncto
1740 1446 1809 1501 S:
1838 1453 2121 1499 caeterum
2151 1444 2270 1514 ipsa

440 1538 546 1592 XF
571 1538 659 1593 vel
685 1556 799 1593 non
825 1539 987 1593 cadet
1011 1546 1132 1592 tota
1157 1546 1321 1592 extra
1345 1536 1645 1592 cavitatem
1671 1554 1893 1600 curvae,
1921 1545 1975 1591 et
2001 1536 2080 1590 sic
2104 1535 2270 1591 habe-

438 1648 564 1685 mus
611 1630 918 1695 intentum;
962 1629 1049 1684 vel
1095 1630 1240 1684 adeo
1283 1647 1396 1683 non
1442 1627 1641 1683 efficiet
1685 1647 1814 1683 cum
1857 1629 1957 1682 FL
2001 1627 2271 1698 angulum

439 1730 683 1785 acutum,
714 1730 775 1776 ut
801 1721 985 1793 magis
1013 1722 1291 1775 censenda
1319 1720 1440 1791 jam
1468 1720 1539 1775 sit
1567 1720 1625 1774 in
1653 1719 1878 1775 unicam
1907 1728 2117 1774 rectam
2144 1736 2272 1774 cum

439 1813 616 1867 altera
640 1813 748 1867 LF.
767 1813 932 1867 coire.
1004 1812 1202 1882 Itaque
1229 1831 1301 1867 ex
1329 1821 1536 1882 puncto
1568 1812 1607 1867 S
1636 1811 1966 1866 demittatur
1993 1811 2064 1866 ad
2091 1810 2271 1866 basim

440 1905 545 1959 AB
571 1904 1050 1975 perpendicularis
1079 1904 1185 1959 ΞΡ.
1255 1903 1382 1958 Erit
1408 1905 1544 1958 haec
1580 1903 1684 1973 (ex
1710 1903 1797 1958 34.
1828 1901 2033 1972 hujus)
2069 1920 2273 1972 aequa-

439 1997 507 2050 lis
547 1996 650 2066 ipsi
691 1996 805 2050 LF.
888 1996 993 2051 Est
1032 2005 1221 2051 autem
1264 1996 1355 2051 ΞΡ
1405 1993 1509 2065 (ex
1551 1995 1636 2049 19.
1679 1994 1878 2065 primi)
1926 1994 2113 2049 minor
2152 1993 2272 2064 ipsa

441 2088 551 2145 LS.
628 2088 787 2160 Ergo
821 2087 991 2143 etiam
1025 2088 1126 2141 LF
1159 2086 1347 2142 minor
1380 2095 1463 2142 est
1498 2087 1696 2142 eadem
1728 2087 1840 2150 LS,
1877 2105 1941 2141 ac
1976 2094 2272 2156 propterea

439 2180 620 2235 multo
658 2180 847 2234 minor
887 2179 1008 2250 ipsa
1046 2179 1171 2233 LX.
1256 2179 1410 2233 Hinc
1452 2178 1508 2233 in
1548 2178 1835 2249 triangulo
1875 2178 2034 2232 LXF
2074 2186 2271 2232 acutus

440 2272 545 2327 erit
576 2272 817 2343 angulus
850 2271 907 2325 in
938 2280 1147 2341 puncto
1178 2271 1251 2335 X,
1285 2270 1417 2341 quia
1447 2270 1636 2325 minor
1676 2270 1779 2340 (ex
1817 2269 1898 2324 18.
1935 2269 2133 2339 primi)
2175 2288 2273 2323 an-

441 2364 576 2434 gulo
605 2363 765 2417 LFX
799 2363 1091 2433 supposito
1124 2371 1303 2417 acuto.
1378 2362 1508 2432 Jam
1541 2361 1870 2416 demittatur
1903 2362 1975 2416 ad
2009 2361 2115 2415 FX
2150 2379 2274 2431 per-

442 2454 817 2524 pendicularis
862 2455 983 2510 LT.
1074 2455 1253 2510 Cadet
1300 2455 1436 2509 haec
1494 2454 1756 2524 (propter
1807 2451 1890 2507 17.
1943 2452 2143 2523 primi)
2200 2453 2273 2507 ad

442 2556 628 2616 partes
661 2546 955 2616 utriusque
988 2545 1179 2617 anguli
1213 2545 1377 2601 acuti.
1453 2545 1645 2616 Quare
1679 2553 1949 2615 punctum
1982 2546 2032 2599 T
2066 2544 2273 2614 jacebit

443 2639 589 2693 inter
616 2647 823 2708 puncta
851 2638 923 2702 X,
955 2647 1009 2692 et
1039 2639 1100 2692 F.
1173 2636 1393 2692 Deinde
1423 2656 1495 2691 ex
1523 2645 1733 2706 puncto
1762 2638 1812 2691 T
1843 2635 2171 2691 demittatur
2200 2637 2272 2691 ad

441 2730 619 2785 basim
644 2729 750 2784 AB
772 2728 1248 2800 perpendicularis
1274 2728 1396 2798 TQ.
1443 2728 1571 2783 Erit
1590 2728 1691 2782 LF
1719 2727 1979 2798 (propter
2002 2727 2271 2799 angulum
