2456 4016
455 329 728 390 [12ltertia
762 333 962 406 primi)
1007 334 1248 407 angulus
1284 334 1479 391 XAH.
1556 335 1766 408 Quare,
1805 338 2034 409 dempto
2068 337 2277 411 angulo

451 434 604 482 recto
646 424 834 491 HAB,
875 425 1126 482 minores
1166 434 1333 483 erunt
1372 445 1488 483 uno
1529 436 1682 483 recto
1722 429 1836 484 duo
1877 428 2043 484 simul
2085 428 2274 501 anguli

451 516 631 581 ADB,
665 525 719 573 et
750 516 929 572 BAD.
1003 516 1175 588 Quod
1205 526 1327 573 erat
1354 517 1600 575 tertium.

1117 695 1519 744 PROPOSITIO
1554 697 1613 742 X.

450 814 517 870 Si
555 825 710 872 recta
748 817 855 871 DB
908 817 1032 889 (fiy.
1077 817 1164 889 8.)
1213 818 1753 889 perpendiculariter
1791 818 2017 876 insistat
2057 820 2276 876 cuidam
2382 882 2386 885 ,

602 907 799 975 ΑΒΜ,
841 907 1026 980 sitque
1062 909 1264 980 juncta
1302 909 1431 965 DM
1470 911 1661 982 major
1698 912 1899 983 juncta
1937 911 2069 979 DA,
2112 911 2277 968 etiam

606 998 755 1055 basis
781 1000 905 1055 ΒΜ
930 1001 1122 1072 major
1151 1000 1258 1056 erit
1286 1000 1407 1057 basi
1432 1002 1555 1057 ΒΑ.
1624 1002 1704 1058 Et
1730 1001 1995 1058 vicissim.

568 1153 1023 1210 Demonstratur.
1070 1155 1144 1210 Et
1170 1155 1355 1226 primo
1381 1156 1609 1227 quidem
1635 1176 1750 1213 non
1778 1166 1943 1213 erunt
1969 1158 2282 1214 illaebases

452 1243 693 1298 invicem
722 1246 998 1316 aequales,
1073 1247 1376 1303 Caeterum
1416 1248 1520 1319 (ex
1551 1258 1752 1320 quarta
1782 1249 1981 1320 primi)
2024 1250 2282 1321 aequales

456 1334 664 1400 forent,
705 1345 903 1392 contra
942 1338 1317 1410 hypothesim,
1359 1339 1513 1410 ipsae
1552 1340 1682 1406 AD,
1725 1341 1867 1395 DM.
1953 1342 2065 1397 Sed
2104 1349 2283 1412 neque

452 1426 559 1482 erit
584 1427 692 1481 BA
715 1428 908 1499 major
934 1447 1104 1500 quam
1132 1429 1266 1485 ΒΜ.
1337 1431 1654 1497 Caeterum,
1685 1440 1909 1503 sumpta
1936 1432 1994 1486 in
2022 1432 2130 1487 BA
2155 1450 2284 1504 por-

452 1518 606 1574 tione
634 1519 729 1575 BS
759 1520 979 1591 aequali
1009 1520 1114 1591 ipsi
1145 1521 1280 1587 ΒΜ,
1312 1522 1619 1593 junctaque
1652 1524 1769 1588 SD,
1800 1524 2061 1594 aequales
2094 1524 2283 1579 forent

462 1611 567 1681 (ex
596 1613 794 1666 eadem
823 1621 1026 1682 quarta
1054 1613 1254 1684 primi)
1294 1614 1487 1685 anguli
1517 1615 1689 1680 BSD,
1723 1615 1931 1671 BMD:
1962 1615 2067 1671 Est
2096 1624 2282 1672 autem

456 1703 698 1773 angulus
755 1703 909 1760 BSD
974 1704 1079 1774 (ex
1133 1705 1516 1761 decimasexta
1568 1706 1769 1777 primi)
1829 1706 2022 1777 major
2075 1707 2284 1779 angulo

455 1793 634 1849 BAD.
721 1795 880 1867 Ergo
922 1797 1121 1851 eodem
1162 1797 1354 1868 major
1398 1798 1551 1853 foret
1592 1798 1833 1869 angulus
1877 1799 2069 1854 BMD.
2155 1800 2284 1855 Hoc

453 1894 643 1940 autern
675 1895 759 1941 est
790 1896 988 1942 contra
1021 1889 1560 1944 decimamoctavam
1591 1889 1758 1960 primi
1775 1909 1788 1957 3
1820 1908 1949 1946 cum
1980 1891 2126 1946 latus
2160 1891 2283 1946 DM

454 1976 511 2031 in
542 1977 830 2049 triangulo
863 1979 1048 2034 MDA
1077 1989 1429 2050 supponatur
1458 1981 1649 2052 majus
1679 1982 1853 2038 latere
1886 1981 2013 2037 DA.
2088 1982 2284 2038 Restat

455 2068 644 2139 igitur,
675 2079 738 2125 ut
764 2070 914 2125 basis
944 2071 1062 2126 ΒΜ
1089 2071 1281 2142 major
1310 2071 1381 2127 sit
1410 2072 1528 2128 basi
1560 2073 1680 2127 BA.
1753 2073 1924 2145 Quod
1952 2082 2074 2130 erat
2102 2073 2285 2145 primo

455 2161 581 2215 loco
618 2162 1140 2219 demonstrandum.
2202 2168 2206 2171 ’

572 2252 793 2308 Deinde
826 2253 872 2308 si
907 2254 1179 2310 alterutra
1210 2255 1376 2320 basiS‚
1411 2264 1473 2311 ut
1506 2265 1641 2326 puta
1674 2256 1781 2311 BA
1824 2257 1924 2328 (ne
1959 2256 2286 2314 immutetur

456 2343 671 2415 figura)
711 2344 959 2416 fingatur
987 2345 1180 2417 major
1210 2347 1386 2402 altera
1419 2348 1567 2414 BM;
1597 2357 1731 2404 tunc
1762 2347 1959 2420 juncta
1991 2349 2109 2414 DS,
2145 2368 2286 2420 quae

455 2454 528 2490 ex
553 2435 660 2490 BA
685 2435 977 2493 abscindat
1002 2437 1321 2508 portionem
1350 2439 1441 2495 SB
1469 2439 1759 2510 aequalem
1785 2439 1891 2510 ipsi
1918 2440 2054 2506 ΒΜ,
2084 2458 2287 2512 aequa-

455 2526 524 2581 lis
553 2527 660 2583 erit
698 2528 803 2599 (ex
831 2537 1033 2598 quarta
1059 2529 1260 2600 primi)
1299 2530 1528 2600 junctae
1558 2531 1699 2586 DM.
1772 2531 2024 2587 Rursum
2054 2533 2285 2589 obtusus

455 2618 564 2674 erit
601 2619 705 2690 (ex
734 2619 1116 2675 decimasexta
1142 2620 1343 2692 primi)
1383 2622 1623 2693 angulus
1654 2622 1831 2687 DSA,
1862 2632 1917 2679 et
1947 2622 2144 2680 acutus
2183 2624 2285 2696 (ex

456 2707 914 2782 decimaseptima
940 2712 1198 2782 ejusdem
1225 2713 1425 2784 primi)
1463 2714 1703 2785 angulus
1731 2714 1906 2771 DAS.
1955 2715 2147 2787 Quare
2184 2715 2286 2788 (ex
