2456 4016
442 330 625 377 rectae
649 322 773 387 AC,·
796 324 932 377 dum
956 322 1166 377 scilicet
1189 323 1429 392 angulus
1454 322 1688 378 obtusus
1712 324 1785 378 ad
1809 331 2080 393 punctum
2100 323 2151 377 L
2174 340 2272 395 po-

441 422 611 469 natur
638 413 944 469 consistere
971 431 1169 468 versus
1197 422 1385 483 partes
1413 414 1604 483 puncti
1634 413 1704 468 A.

560 504 798 561 Constat
836 505 1011 576 igitur
1049 513 1228 559 rectas
1268 504 1389 568 AC,
1429 505 1536 559 BD
1574 523 1872 560 commune
1910 505 2139 575 aliquod
2177 507 2275 560 ha-

443 597 657 652 bituras
686 614 806 651 esse
834 596 1311 667 perpendiculum,
1343 605 1399 651 et
1426 596 1653 667 quidem
1680 596 1829 651 intra
1857 596 2062 651 limites
2091 596 2274 667 desig-

443 687 590 742 natis
619 687 839 758 punctis
869 687 940 751 A,
972 696 1025 743 et
1056 688 1103 744 C
1130 686 1474 757 praefinitOS,
1506 688 1725 758 quoties
1755 688 1984 758 junctae
2014 688 2137 753 AB,
2170 688 2275 744 CD

443 779 499 833 in
528 781 727 834 eodem
755 779 925 850 plano
953 778 1215 842 existant,
1248 778 1468 849 sintque
1496 764 1984 850 perpendiculares
2014 779 2119 850 ipsi
2149 780 2270 834 BD.

444 871 615 942 Quod
647 879 768 925 erat
799 879 899 925 etc.

1051 1084 1454 1132 PROPOSITIO
1484 1086 1669 1130 XXIII.

444 1204 511 1260 Si
553 1206 698 1260 duae
739 1206 1020 1277 quaelibet
1061 1215 1247 1262 rectae
1287 1207 1422 1274 AX,
1464 1208 1576 1262 ΒΧ
1629 1208 1753 1279 (fiy.
1799 1206 1924 1278 27.)
1977 1208 2036 1263 in
2080 1208 2276 1264 eodem

595 1298 765 1366 plano
793 1297 1070 1365 existant,·
1093 1300 1185 1354 vel
1207 1317 1383 1354 unum
1408 1299 1637 1370 aliquod
1672 1299 1872 1370 (etiam
1897 1298 1958 1354 in
1982 1298 2279 1371 hypothesi

598 1389 795 1459 anguli
825 1388 1006 1460 acuti)
1050 1408 1348 1446 commune
1382 1390 1635 1446 obtinent
1666 1389 2157 1461 perpendiculum;
2189 1392 2278 1447 vel

597 1479 658 1535 in
704 1482 1034 1537 alterutram
1086 1483 1321 1537 eandem
1368 1491 1587 1553 partem
1634 1490 1970 1553 protractae,
2022 1481 2133 1538 nisi
2180 1481 2277 1538 ali-

598 1574 825 1642 quando
854 1574 928 1628 ad
952 1571 1172 1643 finitam
1202 1572 1529 1629 distantiam
1558 1592 1673 1629 una
1699 1573 1759 1629 in
1786 1575 2021 1630 alteram
2048 1572 2275 1642 incidat,

597 1673 821 1734 semper
852 1664 1037 1735 mayis
1070 1666 1143 1720 ad
1175 1684 1235 1720 se
1268 1664 1510 1720 invicem
1545 1667 1832 1721 accedunt.

562 1783 1017 1839 Demonstratur.
1093 1785 1188 1839 Ex
1220 1785 1468 1855 quolibet
1498 1794 1707 1856 puncto
1741 1785 1797 1840 A
1828 1785 2003 1856 ipsius
2037 1785 2150 1840 AX
2185 1787 2277 1842 de-

442 1874 703 1930 mittatur
732 1876 804 1930 ad
837 1884 1047 1931 rectam
1079 1876 1187 1931 BX
1219 1876 1697 1947 perpendicularis
1729 1877 1850 1932 AB.
1927 1878 1988 1934 Si
2020 1878 2142 1948 ipsa
2172 1877 2276 1933 BA

445 1966 649 2021 efficiat
699 1985 828 2022 cum
880 1966 994 2022 AX
1047 1968 1321 2037 angulum
1373 1977 1604 2034 rectum,
1658 1969 1928 2025 habemus
2000 1969 2277 2025 intentum

444 2058 760 2113 communis
797 2059 1194 2129 perpendiculi.
1276 2060 1578 2116 Caeterum
1614 2079 1751 2116 vero
1787 2079 1853 2116 ea
1889 2069 2041 2116 recta
2077 2061 2278 2116 efficiat

445 2149 518 2204 ad
545 2149 877 2205 alterutram
903 2159 1137 2221 partem,
1168 2160 1231 2207 ut
1258 2160 1393 2221 puta
1419 2170 1616 2207 versus
1645 2160 1831 2222 partes
1857 2152 2048 2222 puncti
2078 2153 2150 2217 X,
2182 2172 2277 2208 an-

445 2241 642 2312 gulum
675 2250 919 2297 acutum.
997 2241 1197 2312 Itaque
1232 2242 1289 2297 in
1323 2243 1612 2313 praedicta
1646 2252 1798 2299 recta
1833 2243 1946 2298 AX
1983 2243 2278 2316 designen—

444 2341 539 2387 tur
576 2331 723 2387 inter
759 2342 967 2403 puncta
1004 2333 1075 2398 A,
1117 2343 1172 2389 et
1210 2334 1266 2388 X
1305 2333 1583 2404 quaelibet
1620 2343 1828 2405 puncta
1866 2336 1938 2400 D,
1980 2337 2059 2400 H,
2098 2336 2166 2400 L,
2207 2355 2279 2392 ex

445 2423 647 2494 quibus
688 2424 1059 2480 demittantur
1098 2426 1171 2480 ad
1213 2434 1424 2480 rectam
1465 2426 1572 2480 ΒΧ
1612 2426 2101 2497 perpendiculares
2140 2428 2276 2492 DK,

446 2516 583 2579 HK,
609 2516 736 2570 LK.
787 2516 848 2572 Si
875 2534 1021 2572 unus
1045 2516 1247 2586 aliquis
1273 2516 1513 2588 angulus
1539 2518 1612 2573 ad
1637 2526 1845 2588 puncta
1870 2519 1941 2583 D,
1971 2520 2056 2583 H,v
2076 2520 2127 2574 L
2150 2538 2279 2574 acu-

445 2615 536 2661 tus
571 2607 644 2662 sit
676 2626 874 2662 versus
909 2616 1096 2677 partes
1130 2608 1322 2678 puncti
1359 2608 1429 2672 A,
1467 2617 1687 2664 constat
1732 2609 1837 2680 (ex
1871 2610 2269 2681 praecedente)

446 2717 622 2753 unum
659 2699 888 2769 aliquod
925 2699 1265 2755 adfuturum
1301 2718 1599 2756 commune
1635 2701 2096 2771 perpendiculum
2134 2702 2277 2773 ipsa-

448 2808 574 2845 rum
614 2789 746 2854 AX,
792 2790 915 2844 ΒΧ.
1002 2790 1103 2846 Sin
1144 2810 1281 2846 vero
1323 2791 1507 2846 omnis
1550 2792 1881 2862 hujusmodi
1924 2793 2165 2865 angulus
2207 2794 2278 2849 sit

446 2881 637 2952 major
674 2890 869 2947 acuto;
907 2882 995 2936 vel
1033 2900 1178 2938 unus
1218 2881 1419 2952 aliquis
1457 2882 1563 2938 erit
1602 2892 1802 2948 rectuS,
1844 2893 1899 2940 et
1936 2884 2015 2939 sic
2054 2903 2277 2940 rursum
