2456 4016
497 315 629 369 dam
666 311 799 378 AN,
839 309 1026 383 portio
1064 309 1238 382 ipsius
1277 309 1398 376 AC,
1439 312 1687 382 aequalis
1726 327 1845 367 esse
1883 308 1988 382 ipsi
2027 308 2175 376 MH,
2215 325 2324 382 qua

497 405 768 461 nimirum
806 405 998 475 major
1037 405 1109 459 sit
1147 404 1436 474 praedicta
1475 403 1610 459 AC:
1653 413 1936 459 caeterum
1987 403 2091 474 (ex
2130 404 2325 458 eadem

495 496 711 567 prima)
752 496 1012 566 aequales
1046 496 1237 550 forent
1267 494 1459 565 anguli
1491 496 1563 549 ad
1592 494 1849 565 junctam
1878 495 2030 560 HN;
2061 495 2213 564 quod
2244 502 2327 548 est

498 589 823 652 absurdum,
859 597 922 643 ut
954 605 1139 657 supra.
1216 587 1468 641 Rursum
1501 605 1637 641 vero
1682 586 1772 657 (in
1804 586 2101 656 hypothesi
2136 584 2326 656 anguli

497 680 646 735 acuti
679 680 736 733 in
767 698 835 734 eo
865 688 1073 749 puncto
1106 678 1183 748 C)
1225 678 1271 731 si
1303 677 1441 732 velis
1474 678 1759 747 quandam
1791 677 1921 741 AX,
1956 685 2239 747 sumptam
2270 677 2326 730 in

499 771 604 827 AC
647 779 950 841 protracta,
997 770 1287 839 aequalem
1332 768 1436 839 ipsi
1482 769 1630 832 MH,
1677 787 1788 839 qua
1830 767 2100 823 nimirum
2141 768 2328 822 minor

498 863 570 917 sit
600 864 773 917 modo
807 862 957 917 dicta
990 861 1095 917 AC
1112 880 1125 927 ;
1158 860 1279 930 jam
1312 861 1510 914 eodem
1542 860 1710 914 titulo
1740 849 1999 929 aequales
2034 868 2198 914 erunt
2231 877 2328 913 an-

499 955 615 1025 guli
648 955 721 1009 ad
754 954 874 1008 HX
892 973 904 1019 ;
937 954 1089 1023 quod
1121 952 1314 1022 utique
1346 951 1654 1006 absurdum
1686 951 1883 1006 itidem
1914 959 2012 1014 est,
2048 959 2110 1005 ut
2141 969 2324 1020 supra.

499 1047 699 1101 Restat
731 1045 920 1116 igitur,
955 1053 1017 1099 ut
1050 1044 1107 1098 in
1139 1043 1436 1114 hypothesi
1470 1043 1696 1113 quidem
1729 1042 1920 1113 anguli
1955 1041 2139 1097 obtusi
2173 1042 2230 1096 in
2261 1060 2328 1096 eo

497 1146 706 1207 puncto
737 1138 799 1201 C,
831 1137 978 1191 latus
1009 1136 1113 1191 AC
1142 1134 1329 1190 minus
1360 1135 1432 1189 sit
1461 1133 1846 1203 contraposito
1876 1134 2049 1188 latere
2081 1134 2241 1198 MH3
2271 1133 2327 1186 in

498 1229 796 1300 hypothesi
842 1236 1031 1283 autem
1075 1226 1267 1297 anguli
1314 1226 1461 1281 acuti
1507 1225 1578 1280 sit
1623 1226 1821 1280 eodem
1865 1224 2070 1295 majus.
2158 1224 2328 1295 Quod

498 1330 619 1376 erat
644 1321 938 1375 intentum.

1124 1467 1607 1514 COROLLARIUM
1641 1467 1702 1511 II.

616 1577 805 1632 Multo
840 1586 1029 1632 autem
1061 1575 1244 1646 magis
1280 1575 1386 1629 erit
1421 1576 1532 1631 CH
1567 1574 1758 1645 major
1792 1574 2052 1644 portione
2086 1573 2328 1644 qualibet

500 1669 674 1739 ipsius
710 1669 852 1733 AM,
891 1678 952 1724 ut
988 1677 1123 1738 puta
1160 1669 1294 1732 PM,
1334 1668 1406 1722 ad
1442 1685 1612 1736 quam
1647 1683 1847 1736 nempe
1883 1665 2080 1735 juncta
2122 1660 2188 1716 [5]
2232 1665 2330 1721 CP

498 1761 809 1816 acutiorem
852 1761 1036 1815 adhuc
1080 1759 1352 1830 angulum
1394 1758 1597 1812 efficiat
1639 1776 1768 1813 cum
1811 1758 1935 1827 ipso
1978 1757 2088 1813 CH
2133 1774 2329 1811 versus

498 1862 686 1924 partes
735 1852 927 1923 puncti
980 1853 1057 1916 H,
1111 1861 1165 1906 et
1215 1851 1480 1906 obtusum
1538 1850 1642 1919 (ex
1692 1848 2072 1903 decimasexta
2122 1848 2320 1919 primi)

499 1963 627 2000 cum
660 1963 725 2000 ea
760 1945 876 1998 PM
910 1962 1107 1998 versus
1140 1951 1328 2013 partes
1360 1942 1551 2012 puncti
1588 1942 1668 1995 M.

1113 2106 1596 2152 COROLLARIUM
1629 2105 1716 2150 III.

618 2216 872 2272 Rursum
925 2224 1146 2270 constat
1196 2214 1485 2285 praedicta
1538 2214 1729 2269 omnia
1781 2231 1957 2283 aeque
2008 2213 2325 2283 procedere.

500 2308 618 2363 sive
664 2316 954 2378 assumpta
998 2306 1396 2377 perpendicula
1441 2306 1563 2370 AC,
1612 2314 1667 2360 et
1712 2306 1835 2369 BD,
1888 2305 2102 2360 fuerint
2146 2313 2328 2359 certae

500 2400 802 2470 cujusdam
833 2400 983 2469 apud
1014 2417 1118 2453 nos
1149 2397 1536 2469 longitudiniS,
1572 2397 1690 2452 sive
1721 2396 1849 2461 sint,
1884 2405 1981 2451 aut
2013 2414 2330 2466 supponan-

500 2501 594 2547 tur
625 2491 842 2546 infinite
873 2509 1063 2561 parva.
1140 2490 1311 2561 Quod
1344 2489 1572 2559 quidem
1603 2488 1789 2542 notari
1822 2497 2137 2558 opportune
2169 2487 2330 2542 debet

501 2583 558 2637 in
596 2582 823 2653 reliquis
861 2581 1220 2653 sequentibus
1259 2579 1765 2651 PropositionibuS.

1157 2745 1558 2791 PROPOSITIO
1593 2745 1677 2790 IV.

508 2853 770 2910 Vicissim
820 2863 1009 2910 autem
1069 2855 1362 2925 (manente
1410 2853 1597 2923 fiyura
1643 2851 2030 2923 praecedentis
2062 2849 2331 2922 Proposi-

658 2944 858 3017 tionis)
908 2944 1103 3015 anyuli
1142 2947 1215 3000 ad
1253 2945 1510 3016 junctam
1552 2945 1599 3000 C
1601 2945 1656 2998 D
1699 2952 1863 2999 erunt
1902 2952 2000 2999 aut
2038 2942 2192 3009 recti,
2235 2951 2331 2998 aut

658 3037 859 3104 obtusi,
892 3046 991 3094 aut
1017 3036 1184 3103 acuti,
1214 3045 1386 3108 prout
1413 3044 1567 3091 recta
1596 3036 1643 3092 C
1645 3037 1699 3089 D
1731 3034 1981 3106 aequalis
2008 3034 2202 3107 fuerit,
2235 3042 2331 3089 aut

655 3128 860 3197 minor,
896 3136 996 3185 aut
1025 3129 1232 3200 major,
1269 3126 1652 3199 contraposita
1680 3127 1805 3182 ΑΒ.
