<?xml version="1.0" encoding="UTF-8"?>
<!DOCTYPE html PUBLIC "-//W3C//DTD XHTML 1.0 Transitional//EN"
    "http://www.w3.org/TR/xhtml1/DTD/xhtml1-transitional.dtd">
<html xmlns="http://www.w3.org/1999/xhtml" xml:lang="en" lang="en">
 <head>
  <title>
</title>
<meta http-equiv="Content-Type" content="text/html;charset=utf-8" />
  <meta name='ocr-system' content='tesseract 3.04.00' />
  <meta name='ocr-capabilities' content='ocr_page ocr_carea ocr_par ocr_line ocrx_word'/>
</head>
<body>
  <div class='ocr_page' id='page_1' title='image "./giroeuclvindicat00saccrich_0088.png"; bbox 0 0 2456 4016; ppageno 0'>
   <div class='ocr_carea' id='block_1_1' title="bbox 1019 406 1585 454">
    <p class='ocr_par' dir='ltr' id='par_1_1' title="bbox 1019 406 1585 454">
     <span class='ocr_line' id='line_1_1' title="bbox 1019 406 1585 454; baseline 0.005 -3"><span class='ocrx_word' id='word_1_1' title='bbox 1019 406 1421 454; x_wconf 90' lang='lat' dir='ltr'><strong>PROPOSITIO</strong></span> <span class='ocrx_word' id='word_1_2' title='bbox 1446 407 1585 454; x_wconf 87' lang='lat' dir='ltr'>XIII.</span> 
     </span>
    </p>
   </div>
   <div class='ocr_carea' id='block_1_2' title="bbox 387 523 2221 1331">
    <p class='ocr_par' dir='ltr' id='par_1_2' title="bbox 387 523 2221 1331">
     <span class='ocr_line' id='line_1_2' title="bbox 387 523 2216 602; baseline 0.003 -21"><span class='ocrx_word' id='word_1_3' title='bbox 387 523 456 581; x_wconf 79' lang='lat' dir='ltr'><em>Si</em></span> <span class='ocrx_word' id='word_1_4' title='bbox 486 535 640 582; x_wconf 82' lang='lat' dir='ltr'><em>recta</em></span> <span class='ocrx_word' id='word_1_5' title='bbox 671 526 782 582; x_wconf 82' lang='grc' dir='ltr'><em>ΧΑ</em></span> <span class='ocrx_word' id='word_1_6' title='bbox 831 528 1241 600; x_wconf 82' lang='lat' dir='ltr'><em>(quantaelibet</em></span> <span class='ocrx_word' id='word_1_7' title='bbox 1274 528 1602 600; x_wconf 72' lang='lat' dir='ltr'><em>desiynatae</em></span> <span class='ocrx_word' id='word_1_8' title='bbox 1633 529 2037 602; x_wconf 73' lang='lat' dir='ltr'><em>lonyitudinis)</em></span> <span class='ocrx_word' id='word_1_9' title='bbox 2080 529 2216 586; x_wconf 82' lang='lat' dir='ltr'><em>inci·</em></span> 
     </span>
     <span class='ocr_line' id='line_1_3' title="bbox 543 617 2217 694; baseline 0.003 -21"><span class='ocrx_word' id='word_1_10' title='bbox 543 619 682 675; x_wconf 86' lang='lat' dir='ltr'><em>dens</em></span> <span class='ocrx_word' id='word_1_11' title='bbox 711 617 772 674; x_wconf 92' lang='lat' dir='ltr'><em>in</em></span> <span class='ocrx_word' id='word_1_12' title='bbox 802 620 945 675; x_wconf 86' lang='lat' dir='ltr'><em>duas</em></span> <span class='ocrx_word' id='word_1_13' title='bbox 975 628 1159 676; x_wconf 86' lang='lat' dir='ltr'><em>rectas</em></span> <span class='ocrx_word' id='word_1_14' title='bbox 1185 620 1319 686; x_wconf 82' lang='lat' dir='ltr'><em>AD,</em></span> <span class='ocrx_word' id='word_1_15' title='bbox 1352 621 1479 687; x_wconf 86' lang='lat' dir='ltr'><em>XL,</em></span> <span class='ocrx_word' id='word_1_16' title='bbox 1513 620 1716 694; x_wconf 85' lang='lat' dir='ltr'><em>efficiat</em></span> <span class='ocrx_word' id='word_1_17' title='bbox 1744 640 1870 677; x_wconf 82' lang='lat' dir='ltr'><em>cum</em></span> <span class='ocrx_word' id='word_1_18' title='bbox 1904 621 2114 678; x_wconf 85' lang='lat' dir='ltr'><em>eisdem</em></span> <span class='ocrx_word' id='word_1_19' title='bbox 2144 623 2217 678; x_wconf 84' lang='lat' dir='ltr'><em>ad</em></span> 
     </span>
     <span class='ocr_line' id='line_1_4' title="bbox 544 709 2215 784; baseline 0.001 -17"><span class='ocrx_word' id='word_1_20' title='bbox 544 711 769 767; x_wconf 85' lang='lat' dir='ltr'><em>easdem</em></span> <span class='ocrx_word' id='word_1_21' title='bbox 818 719 1010 782; x_wconf 82' lang='lat' dir='ltr'><em>partes</em></span> <span class='ocrx_word' id='word_1_22' title='bbox 1068 711 1194 783; x_wconf 65' lang='grc' dir='ltr'><strong><em>(ᾖς).</em></strong></span> <span class='ocrx_word' id='word_1_23' title='bbox 1250 711 1373 782; x_wconf 91' lang='grc'><strong>11.)</strong></span> <span class='ocrx_word' id='word_1_24' title='bbox 1432 713 1673 784; x_wconf 75' lang='lat' dir='ltr'><em>anyulos</em></span> <span class='ocrx_word' id='word_1_25' title='bbox 1720 709 1975 769; x_wconf 86' lang='lat' dir='ltr'><em>internos</em></span> <span class='ocrx_word' id='word_1_26' title='bbox 2023 713 2215 780; x_wconf 86' lang='lat' dir='ltr'><em>XAD,</em></span> 
     </span>
     <span class='ocr_line' id='line_1_5' title="bbox 541 800 2220 876; baseline 0.002 -20"><span class='ocrx_word' id='word_1_27' title='bbox 541 800 659 856; x_wconf 89' lang='grc' dir='ltr'><em>ΑΧ</em></span> <span class='ocrx_word' id='word_1_28' title='bbox 659 801 709 857; x_wconf 91' lang='lat' dir='ltr'><em>L</em></span> <span class='ocrx_word' id='word_1_29' title='bbox 733 801 983 858; x_wconf 84' lang='lat' dir='ltr'><em>minores</em></span> <span class='ocrx_word' id='word_1_30' title='bbox 1006 803 1229 858; x_wconf 81' lang='lat' dir='ltr'><em>duobus</em></span> <span class='ocrx_word' id='word_1_31' title='bbox 1250 801 1447 859; x_wconf 82' lang='lat' dir='ltr'><em>rectis:</em></span> <span class='ocrx_word' id='word_1_32' title='bbox 1472 802 1616 871; x_wconf 81' lang='lat' dir='ltr'><em>dico,</em></span> <span class='ocrx_word' id='word_1_33' title='bbox 1641 803 1768 860; x_wconf 85' lang='lat' dir='ltr'><em>illas</em></span> <span class='ocrx_word' id='word_1_34' title='bbox 1791 805 1933 860; x_wconf 85' lang='lat' dir='ltr'><em>duas</em></span> <span class='ocrx_word' id='word_1_35' title='bbox 1966 804 2220 876; x_wconf 84' lang='lat' dir='ltr'><em>(etiamsi</em></span> 
     </span>
     <span class='ocr_line' id='line_1_6' title="bbox 547 893 2217 965; baseline 0.002 -17"><span class='ocrx_word' id='word_1_36' title='bbox 547 901 748 949; x_wconf 84' lang='lat' dir='ltr'><em>neuter</em></span> <span class='ocrx_word' id='word_1_37' title='bbox 797 893 1026 950; x_wconf 84' lang='lat' dir='ltr'><em>illorum</em></span> <span class='ocrx_word' id='word_1_38' title='bbox 1079 895 1419 965; x_wconf 75' lang='lat' dir='ltr'><em>anyulorum</em></span> <span class='ocrx_word' id='word_1_39' title='bbox 1471 895 1548 951; x_wconf 88' lang='lat' dir='ltr'><em>sit</em></span> <span class='ocrx_word' id='word_1_40' title='bbox 1597 895 1815 965; x_wconf 83' lang='lat' dir='ltr'><em>rectus)</em></span> <span class='ocrx_word' id='word_1_41' title='bbox 1880 896 2105 952; x_wconf 85' lang='lat' dir='ltr'><em>tandem</em></span> <span class='ocrx_word' id='word_1_42' title='bbox 2158 895 2217 951; x_wconf 86' lang='lat' dir='ltr'><em>in</em></span> 
     </span>
     <span class='ocr_line' id='line_1_7' title="bbox 543 983 2218 1058; baseline 0.002 -18"><span class='ocrx_word' id='word_1_43' title='bbox 543 983 733 1056; x_wconf 82' lang='lat' dir='ltr'><em>aliquo</em></span> <span class='ocrx_word' id='word_1_44' title='bbox 766 994 976 1056; x_wconf 79' lang='lat' dir='ltr'><em>puncto</em></span> <span class='ocrx_word' id='word_1_45' title='bbox 1012 987 1086 1042; x_wconf 84' lang='lat' dir='ltr'><em>ad</em></span> <span class='ocrx_word' id='word_1_46' title='bbox 1117 994 1309 1057; x_wconf 84' lang='lat' dir='ltr'><em>partes</em></span> <span class='ocrx_word' id='word_1_47' title='bbox 1341 986 1571 1043; x_wconf 81' lang='lat' dir='ltr'><em>illorum</em></span> <span class='ocrx_word' id='word_1_48' title='bbox 1604 988 1943 1058; x_wconf 65' lang='lat' dir='ltr'><em>angulorum</em></span> <span class='ocrx_word' id='word_1_49' title='bbox 1979 986 2218 1043; x_wconf 82' lang='lat' dir='ltr'><em>invicem</em></span> 
     </span>
     <span class='ocr_line' id='line_1_8' title="bbox 546 1075 2221 1149; baseline 0.002 -18"><span class='ocrx_word' id='word_1_50' title='bbox 546 1075 810 1143; x_wconf 85' lang='lat' dir='ltr'><em>coituras,</em></span> <span class='ocrx_word' id='word_1_51' title='bbox 848 1084 903 1132; x_wconf 88' lang='lat' dir='ltr'><em>et</em></span> <span class='ocrx_word' id='word_1_52' title='bbox 935 1076 1163 1148; x_wconf 82' lang='lat' dir='ltr'><em>quidem</em></span> <span class='ocrx_word' id='word_1_53' title='bbox 1200 1079 1273 1133; x_wconf 87' lang='lat' dir='ltr'><em>ad</em></span> <span class='ocrx_word' id='word_1_54' title='bbox 1305 1077 1542 1149; x_wconf 87' lang='lat' dir='ltr'><em>finitam,</em></span> <span class='ocrx_word' id='word_1_55' title='bbox 1577 1097 1679 1134; x_wconf 87' lang='lat' dir='ltr'><em>seu</em></span> <span class='ocrx_word' id='word_1_56' title='bbox 1715 1078 2072 1134; x_wconf 83' lang='lat' dir='ltr'><em>terminatam</em></span> <span class='ocrx_word' id='word_1_57' title='bbox 2108 1078 2221 1135; x_wconf 86' lang='lat' dir='ltr'><em>dis·</em></span> 
     </span>
     <span class='ocr_line' id='line_1_9' title="bbox 546 1166 2220 1243; baseline 0.002 -21"><span class='ocrx_word' id='word_1_58' title='bbox 546 1166 800 1235; x_wconf 83' lang='lat' dir='ltr'><em>tantiam,</em></span> <span class='ocrx_word' id='word_1_59' title='bbox 839 1169 974 1224; x_wconf 83' lang='lat' dir='ltr'><em>dum</em></span> <span class='ocrx_word' id='word_1_60' title='bbox 1012 1168 1285 1225; x_wconf 85' lang='lat' dir='ltr'><em>consistat</em></span> <span class='ocrx_word' id='word_1_61' title='bbox 1319 1171 1592 1226; x_wconf 81' lang='lat' dir='ltr'><em>alterutra</em></span> <span class='ocrx_word' id='word_1_62' title='bbox 1628 1169 1955 1243; x_wconf 71' lang='lat' dir='ltr'><em>hypothesis</em></span> <span class='ocrx_word' id='word_1_63' title='bbox 1990 1179 2089 1226; x_wconf 86' lang='lat' dir='ltr'><em>aut</em></span> <span class='ocrx_word' id='word_1_64' title='bbox 2123 1189 2220 1226; x_wconf 87' lang='lat' dir='ltr'><em>an-</em></span> 
     </span>
     <span class='ocr_line' id='line_1_10' title="bbox 544 1258 1446 1331; baseline 0.002 -17"><span class='ocrx_word' id='word_1_65' title='bbox 544 1259 666 1330; x_wconf 64' lang='lat' dir='ltr'><em>guli</em></span> <span class='ocrx_word' id='word_1_66' title='bbox 696 1258 853 1327; x_wconf 81' lang='lat' dir='ltr'><em>recti,</em></span> <span class='ocrx_word' id='word_1_67' title='bbox 887 1269 986 1316; x_wconf 83' lang='lat' dir='ltr'><em>aut</em></span> <span class='ocrx_word' id='word_1_68' title='bbox 1018 1260 1214 1331; x_wconf 73' lang='lat' dir='ltr'><em>anyuli</em></span> <span class='ocrx_word' id='word_1_69' title='bbox 1246 1260 1446 1316; x_wconf 86' lang='lat' dir='ltr'><em>obtusi.</em></span> 
     </span>
    </p>
   </div>
   <div class='ocr_carea' id='block_1_3' title="bbox 392 1412 2226 2770">
    <p class='ocr_par' dir='ltr' id='par_1_3' title="bbox 392 1412 2226 2770">
     <span class='ocr_line' id='line_1_11' title="bbox 509 1412 2220 1487; baseline 0.002 -20"><span class='ocrx_word' id='word_1_70' title='bbox 509 1412 964 1469; x_wconf 88' lang='lat' dir='ltr'><em>Demonstratur.</em></span> <span class='ocrx_word' id='word_1_71' title='bbox 1044 1414 1196 1470; x_wconf 90' lang='lat' dir='ltr'><em>Nam</em></span> <span class='ocrx_word' id='word_1_72' title='bbox 1231 1433 1376 1470; x_wconf 89' lang='lat' dir='ltr'><em>unus</em></span> <span class='ocrx_word' id='word_1_73' title='bbox 1412 1415 1832 1486; x_wconf 88' lang='lat' dir='ltr'><em>praedictorum</em></span> <span class='ocrx_word' id='word_1_74' title='bbox 1864 1415 2220 1487; x_wconf 84' lang='lat' dir='ltr'><em>angulorum,</em></span> 
     </span>
     <span class='ocr_line' id='line_1_12' title="bbox 392 1502 2223 1577; baseline 0.002 -18"><span class='ocrx_word' id='word_1_75' title='bbox 392 1512 455 1559; x_wconf 86' lang='lat' dir='ltr'><em>ut</em></span> <span class='ocrx_word' id='word_1_76' title='bbox 491 1512 627 1574; x_wconf 90' lang='lat' dir='ltr'><em>puta</em></span> <span class='ocrx_word' id='word_1_77' title='bbox 663 1502 847 1570; x_wconf 92' lang='lat' dir='ltr'>AXL,</span> <span class='ocrx_word' id='word_1_78' title='bbox 885 1505 993 1561; x_wconf 92' lang='lat' dir='ltr'><em>erit</em></span> <span class='ocrx_word' id='word_1_79' title='bbox 1029 1514 1241 1562; x_wconf 79' lang='lat' dir='ltr'><em>acutus,</em></span> <span class='ocrx_word' id='word_1_80' title='bbox 1321 1506 1519 1577; x_wconf 89' lang='lat' dir='ltr'><em>Itaque</em></span> <span class='ocrx_word' id='word_1_81' title='bbox 1556 1526 1629 1562; x_wconf 85' lang='lat' dir='ltr'><em>ex</em></span> <span class='ocrx_word' id='word_1_82' title='bbox 1665 1507 1821 1577; x_wconf 84' lang='lat' dir='ltr'><em>apice</em></span> <span class='ocrx_word' id='word_1_83' title='bbox 1858 1506 2088 1562; x_wconf 89' lang='lat' dir='ltr'><em>alterius</em></span> <span class='ocrx_word' id='word_1_84' title='bbox 2125 1526 2223 1562; x_wconf 87' lang='lat' dir='ltr'><em>an-</em></span> 
     </span>
     <span class='ocr_line' id='line_1_13' title="bbox 393 1595 2223 1670; baseline 0.002 -20"><span class='ocrx_word' id='word_1_85' title='bbox 393 1595 510 1667; x_wconf 86' lang='lat' dir='ltr'><em>guli</em></span> <span class='ocrx_word' id='word_1_86' title='bbox 548 1595 880 1652; x_wconf 86' lang='lat' dir='ltr'><em>demittatur</em></span> <span class='ocrx_word' id='word_1_87' title='bbox 914 1598 987 1652; x_wconf 92' lang='lat' dir='ltr'><em>ad</em></span> <span class='ocrx_word' id='word_1_88' title='bbox 1026 1597 1134 1652; x_wconf 93' lang='lat' dir='ltr'><em>XL</em></span> <span class='ocrx_word' id='word_1_89' title='bbox 1171 1598 1649 1668; x_wconf 85' lang='lat' dir='ltr'><em>perpendicularis</em></span> <span class='ocrx_word' id='word_1_90' title='bbox 1686 1598 1810 1663; x_wconf 87' lang='lat' dir='ltr'><em>AP,</em></span> <span class='ocrx_word' id='word_1_91' title='bbox 1850 1617 1993 1669; x_wconf 91' lang='lat' dir='ltr'><em>quae</em></span> <span class='ocrx_word' id='word_1_92' title='bbox 2031 1598 2223 1670; x_wconf 90' lang='lat' dir='ltr'><em>utique</em></span> 
     </span>
     <span class='ocr_line' id='line_1_14' title="bbox 402 1687 2223 1762; baseline 0.002 -20"><span class='ocrx_word' id='word_1_93' title='bbox 402 1687 666 1758; x_wconf 89' lang='lat' dir='ltr'><em>(propter</em></span> <span class='ocrx_word' id='word_1_94' title='bbox 706 1688 1283 1760; x_wconf 88' lang='lat' dir='ltr'><em>deeimamseptimam</em></span> <span class='ocrx_word' id='word_1_95' title='bbox 1325 1689 1526 1760; x_wconf 89' lang='lat' dir='ltr'><em>primi)</em></span> <span class='ocrx_word' id='word_1_96' title='bbox 1577 1691 1740 1746; x_wconf 89' lang='lat' dir='ltr'><em>cadet</em></span> <span class='ocrx_word' id='word_1_97' title='bbox 1780 1690 1853 1746; x_wconf 90' lang='lat' dir='ltr'><em>ad</em></span> <span class='ocrx_word' id='word_1_98' title='bbox 1895 1699 2083 1762; x_wconf 88' lang='lat' dir='ltr'><em>partes</em></span> <span class='ocrx_word' id='word_1_99' title='bbox 2125 1708 2223 1746; x_wconf 88' lang='lat' dir='ltr'><em>an-</em></span> 
     </span>
     <span class='ocr_line' id='line_1_15' title="bbox 393 1779 2224 1853; baseline 0.002 -19"><span class='ocrx_word' id='word_1_100' title='bbox 393 1779 509 1850; x_wconf 88' lang='lat' dir='ltr'><em>guli</em></span> <span class='ocrx_word' id='word_1_101' title='bbox 536 1779 684 1835; x_wconf 90' lang='lat' dir='ltr'><em>acuti</em></span> <span class='ocrx_word' id='word_1_102' title='bbox 711 1779 892 1835; x_wconf 77' lang='lat' dir='ltr'><strong>AXL,</strong></span> <span class='ocrx_word' id='word_1_103' title='bbox 961 1780 1251 1852; x_wconf 77' lang='lat' dir='ltr'><em>Quoniam</em></span> <span class='ocrx_word' id='word_1_104' title='bbox 1276 1780 1451 1852; x_wconf 90' lang='lat' dir='ltr'><em>igitur</em></span> <span class='ocrx_word' id='word_1_105' title='bbox 1475 1781 1534 1837; x_wconf 92' lang='lat' dir='ltr'><em>in</em></span> <span class='ocrx_word' id='word_1_106' title='bbox 1557 1781 1846 1853; x_wconf 85' lang='lat' dir='ltr'><em>triangulo</em></span> <span class='ocrx_word' id='word_1_107' title='bbox 1871 1782 2054 1847; x_wconf 90' lang='lat' dir='ltr'><strong>APX,</strong></span> <span class='ocrx_word' id='word_1_108' title='bbox 2084 1790 2224 1838; x_wconf 89' lang='lat' dir='ltr'><em>rect-</em></span> 
     </span>
     <span class='ocr_line' id='line_1_16' title="bbox 393 1871 2223 1945; baseline 0.002 -20"><span class='ocrx_word' id='word_1_109' title='bbox 393 1871 604 1943; x_wconf 87' lang='lat' dir='ltr'><em>angulo</em></span> <span class='ocrx_word' id='word_1_110' title='bbox 631 1871 689 1926; x_wconf 91' lang='lat' dir='ltr'><em>in</em></span> <span class='ocrx_word' id='word_1_111' title='bbox 719 1872 782 1937; x_wconf 91' lang='lat' dir='ltr'><em>P,</em></span> <span class='ocrx_word' id='word_1_112' title='bbox 813 1873 927 1928; x_wconf 92' lang='lat' dir='ltr'><em>duo</em></span> <span class='ocrx_word' id='word_1_113' title='bbox 954 1872 1122 1928; x_wconf 91' lang='lat' dir='ltr'><em>simul</em></span> <span class='ocrx_word' id='word_1_114' title='bbox 1150 1873 1343 1945; x_wconf 88' lang='lat' dir='ltr'><em>anguli</em></span> <span class='ocrx_word' id='word_1_115' title='bbox 1372 1872 1521 1929; x_wconf 91' lang='lat' dir='ltr'><em>acuti</em></span> <span class='ocrx_word' id='word_1_116' title='bbox 1552 1873 1734 1938; x_wconf 90' lang='lat' dir='ltr'><strong>PAX,</strong></span> <span class='ocrx_word' id='word_1_117' title='bbox 1765 1873 1946 1939; x_wconf 90' lang='lat' dir='ltr'><strong>PXA,</strong></span> <span class='ocrx_word' id='word_1_118' title='bbox 1975 1873 2223 1929; x_wconf 90' lang='lat' dir='ltr'><em>minores</em></span> 
     </span>
     <span class='ocr_line' id='line_1_17' title="bbox 393 1963 2224 2037; baseline 0.002 -20"><span class='ocrx_word' id='word_1_119' title='bbox 393 1980 509 2017; x_wconf 90' lang='lat' dir='ltr'><em>non</em></span> <span class='ocrx_word' id='word_1_120' title='bbox 546 1971 678 2019; x_wconf 90' lang='lat' dir='ltr'><em>sunt</em></span> <span class='ocrx_word' id='word_1_121' title='bbox 726 1963 831 2034; x_wconf 86' lang='lat' dir='ltr'><em>(ex</em></span> <span class='ocrx_word' id='word_1_122' title='bbox 868 1982 1020 2019; x_wconf 91' lang='lat' dir='ltr'><em>nona</em></span> <span class='ocrx_word' id='word_1_123' title='bbox 1057 1964 1264 2035; x_wconf 87' lang='lat' dir='ltr'><em>hujus)</em></span> <span class='ocrx_word' id='word_1_124' title='bbox 1311 1983 1427 2020; x_wconf 89' lang='lat' dir='ltr'><em>uno</em></span> <span class='ocrx_word' id='word_1_125' title='bbox 1465 1974 1635 2030; x_wconf 89' lang='lat' dir='ltr'><em>reet0‚</em></span> <span class='ocrx_word' id='word_1_126' title='bbox 1676 1965 1734 2020; x_wconf 88' lang='lat' dir='ltr'><em>in</em></span> <span class='ocrx_word' id='word_1_127' title='bbox 1771 1973 2010 2036; x_wconf 84' lang='lat' dir='ltr'><em>utraque</em></span> <span class='ocrx_word' id='word_1_128' title='bbox 2048 1966 2224 2037; x_wconf 89' lang='lat' dir='ltr'><em>hypo-</em></span> 
     </span>
     <span class='ocr_line' id='line_1_18' title="bbox 394 2053 2222 2129; baseline 0.001 -20"><span class='ocrx_word' id='word_1_129' title='bbox 394 2053 538 2109; x_wconf 88' lang='lat' dir='ltr'><em>thesi</em></span> <span class='ocrx_word' id='word_1_130' title='bbox 567 2063 664 2111; x_wconf 91' lang='lat' dir='ltr'><em>aut</em></span> <span class='ocrx_word' id='word_1_131' title='bbox 692 2055 886 2127; x_wconf 88' lang='lat' dir='ltr'><em>anguli</em></span> <span class='ocrx_word' id='word_1_132' title='bbox 916 2055 1068 2121; x_wconf 88' lang='lat' dir='ltr'><em>recti,</em></span> <span class='ocrx_word' id='word_1_133' title='bbox 1099 2065 1197 2112; x_wconf 90' lang='lat' dir='ltr'><em>aut</em></span> <span class='ocrx_word' id='word_1_134' title='bbox 1225 2056 1418 2128; x_wconf 91' lang='lat' dir='ltr'><em>anguli</em></span> <span class='ocrx_word' id='word_1_135' title='bbox 1447 2056 1663 2124; x_wconf 88' lang='lat' dir='ltr'><em>obtusi;</em></span> <span class='ocrx_word' id='word_1_136' title='bbox 1691 2056 1737 2112; x_wconf 91' lang='lat' dir='ltr'><em>si</em></span> <span class='ocrx_word' id='word_1_137' title='bbox 1767 2058 1882 2114; x_wconf 93' lang='lat' dir='ltr'><em>duo</em></span> <span class='ocrx_word' id='word_1_138' title='bbox 1910 2056 2001 2113; x_wconf 88' lang='lat' dir='ltr'><em>isti</em></span> <span class='ocrx_word' id='word_1_139' title='bbox 2031 2057 2222 2129; x_wconf 87' lang='lat' dir='ltr'><em>anguli</em></span> 
     </span>
     <span class='ocr_line' id='line_1_19' title="bbox 394 2146 2225 2220; baseline 0.002 -18"><span class='ocrx_word' id='word_1_140' title='bbox 394 2146 736 2203; x_wconf 82' lang='lat' dir='ltr'><em>auferantur</em></span> <span class='ocrx_word' id='word_1_141' title='bbox 774 2146 833 2202; x_wconf 90' lang='lat' dir='ltr'><em>in</em></span> <span class='ocrx_word' id='word_1_142' title='bbox 874 2165 1096 2203; x_wconf 90' lang='lat' dir='ltr'><em>summa</em></span> <span class='ocrx_word' id='word_1_143' title='bbox 1134 2148 1476 2220; x_wconf 90' lang='lat' dir='ltr'><em>angulorum</em></span> <span class='ocrx_word' id='word_1_144' title='bbox 1515 2147 1937 2219; x_wconf 88' lang='lat' dir='ltr'><em>propositorum</em></span> <span class='ocrx_word' id='word_1_145' title='bbox 1977 2148 2099 2220; x_wconf 88' lang='lat' dir='ltr'><em>jam</em></span> <span class='ocrx_word' id='word_1_146' title='bbox 2141 2168 2225 2205; x_wconf 90' lang='lat' dir='ltr'><em>re-</em></span> 
     </span>
     <span class='ocr_line' id='line_1_20' title="bbox 395 2237 2224 2311; baseline 0.001 -18"><span class='ocrx_word' id='word_1_147' title='bbox 395 2237 581 2309; x_wconf 89' lang='lat' dir='ltr'><em>liquus</em></span> <span class='ocrx_word' id='word_1_148' title='bbox 614 2239 856 2311; x_wconf 86' lang='lat' dir='ltr'><em>angulus</em></span> <span class='ocrx_word' id='word_1_149' title='bbox 891 2239 1056 2295; x_wconf 93' lang='lat' dir='ltr'><em>PAD</em></span> <span class='ocrx_word' id='word_1_150' title='bbox 1086 2239 1278 2295; x_wconf 92' lang='lat' dir='ltr'><em>minor</em></span> <span class='ocrx_word' id='word_1_151' title='bbox 1308 2240 1415 2296; x_wconf 92' lang='lat' dir='ltr'><em>erit</em></span> <span class='ocrx_word' id='word_1_152' title='bbox 1448 2249 1615 2296; x_wconf 78' lang='lat' dir='ltr'><em>recto,</em></span> <span class='ocrx_word' id='word_1_153' title='bbox 1692 2239 1891 2311; x_wconf 87' lang='lat' dir='ltr'><em>Itaque</em></span> <span class='ocrx_word' id='word_1_154' title='bbox 1923 2240 2133 2297; x_wconf 89' lang='lat' dir='ltr'><em>erimus</em></span> <span class='ocrx_word' id='word_1_155' title='bbox 2168 2240 2224 2295; x_wconf 91' lang='lat' dir='ltr'><em>in</em></span> 
     </span>
     <span class='ocr_line' id='line_1_21' title="bbox 395 2331 2226 2403; baseline 0.001 -18"><span class='ocrx_word' id='word_1_156' title='bbox 395 2348 529 2386; x_wconf 90' lang='lat' dir='ltr'><em>casu</em></span> <span class='ocrx_word' id='word_1_157' title='bbox 576 2331 819 2387; x_wconf 89' lang='lat' dir='ltr'><em>duarum</em></span> <span class='ocrx_word' id='word_1_158' title='bbox 864 2331 1321 2403; x_wconf 89' lang='lat' dir='ltr'><em>praecedentium</em></span> <span class='ocrx_word' id='word_1_159' title='bbox 1369 2331 1849 2403; x_wconf 85' lang='lat' dir='ltr'><em>Propositionum,</em></span> <span class='ocrx_word' id='word_1_160' title='bbox 1899 2333 2035 2388; x_wconf 90' lang='lat' dir='ltr'><em>dum</em></span> <span class='ocrx_word' id='word_1_161' title='bbox 2081 2332 2226 2387; x_wconf 90' lang='lat' dir='ltr'><em>scili—</em></span> 
     </span>
     <span class='ocr_line' id='line_1_22' title="bbox 396 2422 2226 2496; baseline 0.001 -19"><span class='ocrx_word' id='word_1_162' title='bbox 396 2430 482 2477; x_wconf 88' lang='lat' dir='ltr'><em>cet</em></span> <span class='ocrx_word' id='word_1_163' title='bbox 529 2422 801 2478; x_wconf 87' lang='lat' dir='ltr'><em>alterutra</em></span> <span class='ocrx_word' id='word_1_164' title='bbox 847 2422 1175 2494; x_wconf 89' lang='lat' dir='ltr'><em>hypothesis</em></span> <span class='ocrx_word' id='word_1_165' title='bbox 1222 2422 1493 2479; x_wconf 83' lang='lat' dir='ltr'><em>consistat</em></span> <span class='ocrx_word' id='word_1_166' title='bbox 1539 2432 1637 2479; x_wconf 89' lang='lat' dir='ltr'><em>aut</em></span> <span class='ocrx_word' id='word_1_167' title='bbox 1683 2424 1874 2496; x_wconf 88' lang='lat' dir='ltr'><em>anguli</em></span> <span class='ocrx_word' id='word_1_168' title='bbox 1925 2424 2078 2489; x_wconf 88' lang='lat' dir='ltr'><em>recti,</em></span> <span class='ocrx_word' id='word_1_169' title='bbox 2129 2432 2226 2480; x_wconf 85' lang='lat' dir='ltr'><em>aut</em></span> 
     </span>
     <span class='ocr_line' id='line_1_23' title="bbox 396 2513 2223 2587; baseline 0.001 -18"><span class='ocrx_word' id='word_1_170' title='bbox 396 2513 589 2585; x_wconf 88' lang='lat' dir='ltr'><em>anguli</em></span> <span class='ocrx_word' id='word_1_171' title='bbox 632 2513 834 2570; x_wconf 91' lang='lat' dir='ltr'><em>obtusi.</em></span> <span class='ocrx_word' id='word_1_172' title='bbox 919 2514 1113 2587; x_wconf 81' lang='lat' dir='ltr'><em>Quare</em></span> <span class='ocrx_word' id='word_1_173' title='bbox 1164 2514 1270 2585; x_wconf 87' lang='lat' dir='ltr'><em>(ex</em></span> <span class='ocrx_word' id='word_1_174' title='bbox 1310 2515 1556 2586; x_wconf 89' lang='lat' dir='ltr'><em>eisdem)</em></span> <span class='ocrx_word' id='word_1_175' title='bbox 1609 2524 1793 2571; x_wconf 87' lang='lat' dir='ltr'><em>rectae</em></span> <span class='ocrx_word' id='word_1_176' title='bbox 1835 2515 1966 2581; x_wconf 89' lang='lat' dir='ltr'><em>AD,</em></span> <span class='ocrx_word' id='word_1_177' title='bbox 2009 2524 2066 2571; x_wconf 88' lang='lat' dir='ltr'><em>et</em></span> <span class='ocrx_word' id='word_1_178' title='bbox 2108 2515 2223 2580; x_wconf 88' lang='lat' dir='ltr'><em>PL,</em></span> 
     </span>
     <span class='ocr_line' id='line_1_24' title="bbox 397 2604 2226 2677; baseline 0.002 -17"><span class='ocrx_word' id='word_1_179' title='bbox 397 2604 516 2661; x_wconf 87' lang='lat' dir='ltr'><em>sive</em></span> <span class='ocrx_word' id='word_1_180' title='bbox 550 2605 674 2670; x_wconf 93' lang='lat' dir='ltr'><em>XL,</em></span> <span class='ocrx_word' id='word_1_181' title='bbox 711 2605 769 2660; x_wconf 90' lang='lat' dir='ltr'><em>in</em></span> <span class='ocrx_word' id='word_1_182' title='bbox 802 2605 993 2677; x_wconf 88' lang='lat' dir='ltr'><em>aliquo</em></span> <span class='ocrx_word' id='word_1_183' title='bbox 1026 2615 1235 2677; x_wconf 90' lang='lat' dir='ltr'><em>puncto</em></span> <span class='ocrx_word' id='word_1_184' title='bbox 1268 2606 1476 2672; x_wconf 89' lang='lat' dir='ltr'><em>finitae,</em></span> <span class='ocrx_word' id='word_1_185' title='bbox 1514 2624 1612 2663; x_wconf 90' lang='lat' dir='ltr'><em>seu</em></span> <span class='ocrx_word' id='word_1_186' title='bbox 1646 2606 1980 2663; x_wconf 87' lang='lat' dir='ltr'><em>terminatae</em></span> <span class='ocrx_word' id='word_1_187' title='bbox 2014 2608 2226 2663; x_wconf 88' lang='lat' dir='ltr'><em>distan-</em></span> 
     </span>
     <span class='ocr_line' id='line_1_25' title="bbox 397 2694 2225 2770; baseline 0.001 -18"><span class='ocrx_word' id='word_1_188' title='bbox 397 2696 508 2752; x_wconf 88' lang='lat' dir='ltr'><em>tiae</em></span> <span class='ocrx_word' id='word_1_189' title='bbox 542 2698 615 2753; x_wconf 87' lang='lat' dir='ltr'><em>ad</em></span> <span class='ocrx_word' id='word_1_190' title='bbox 648 2706 812 2753; x_wconf 90' lang='lat' dir='ltr'><em>notas</em></span> <span class='ocrx_word' id='word_1_191' title='bbox 853 2694 951 2751; x_wconf 88' lang='lat'>[17]</span> <span class='ocrx_word' id='word_1_192' title='bbox 990 2707 1177 2769; x_wconf 89' lang='lat' dir='ltr'><em>partes</em></span> <span class='ocrx_word' id='word_1_193' title='bbox 1212 2706 1564 2763; x_wconf 89' lang='lat' dir='ltr'><em>concurrent,</em></span> <span class='ocrx_word' id='word_1_194' title='bbox 1599 2707 1718 2754; x_wconf 90' lang='lat' dir='ltr'><em>tam</em></span> <span class='ocrx_word' id='word_1_195' title='bbox 1753 2699 1857 2755; x_wconf 90' lang='lat' dir='ltr'><em>sub</em></span> <span class='ocrx_word' id='word_1_196' title='bbox 1890 2718 2019 2764; x_wconf 88' lang='lat' dir='ltr'><em>una,</em></span> <span class='ocrx_word' id='word_1_197' title='bbox 2056 2716 2225 2770; x_wconf 89' lang='lat' dir='ltr'><em>quam</em></span> 
     </span>
    </p>
   </div>
   <div class='ocr_carea' id='block_1_4' title="bbox 398 2789 2227 2937">
    <p class='ocr_par' dir='ltr' id='par_1_4' title="bbox 398 2789 2227 2937">
     <span class='ocr_line' id='line_1_26' title="bbox 398 2789 2227 2861; baseline 0.001 -17"><span class='ocrx_word' id='word_1_198' title='bbox 398 2789 503 2845; x_wconf 91' lang='lat' dir='ltr'><em>sub</em></span> <span class='ocrx_word' id='word_1_199' title='bbox 526 2789 703 2845; x_wconf 87' lang='lat' dir='ltr'><em>altera</em></span> <span class='ocrx_word' id='word_1_200' title='bbox 729 2789 1145 2860; x_wconf 87' lang='lat' dir='ltr'><em>praedictarum</em></span> <span class='ocrx_word' id='word_1_201' title='bbox 1170 2789 1582 2861; x_wconf 86' lang='lat' dir='ltr'><em>hypothesium.</em></span> <span class='ocrx_word' id='word_1_202' title='bbox 1652 2789 1824 2861; x_wconf 83' lang='lat' dir='ltr'><em>Quod</em></span> <span class='ocrx_word' id='word_1_203' title='bbox 1851 2799 1971 2846; x_wconf 87' lang='lat' dir='ltr'><em>erat</em></span> <span class='ocrx_word' id='word_1_204' title='bbox 1997 2791 2227 2847; x_wconf 89' lang='lat' dir='ltr'><em>demon-</em></span> 
     </span>
     <span class='ocr_line' id='line_1_27' title="bbox 399 2881 710 2937; baseline 0.003 -2"><span class='ocrx_word' id='word_1_205' title='bbox 399 2881 710 2937; x_wconf 85' lang='lat' dir='ltr'><em>strandum.</em></span> 
     </span>
    </p>
   </div>
  </div>
 </body>
</html>
