2456 4016
815 663 1034 717 LIBRI
1080 662 1316 716 PRIMI
1362 641 1568 716 PARS
1611 660 1953 715 ALTERA.

474 824 549 877 IN
607 840 735 889 QUA
791 840 944 878 IDEM
1005 825 1522 879 PRONUNCIATUM
1582 824 2002 878 EUCLIDAEUM
2064 837 2301 876 CONTRA

630 932 1032 971 HYPOTHESIN
1078 932 1318 970 ANGULI
1362 931 1550 969 ACUTI
1596 930 2015 969 REDARGUTIVE
2059 929 2302 968 DEMON-

628 1023 915 1063 STRATUR.

1054 1151 1456 1199 PROPOSITIO
1498 1151 1728 1196 XXXIV.

474 1247 545 1300 In
574 1265 687 1317 qua
719 1245 1059 1316 expenditur
1091 1264 1263 1301 curva
1294 1246 1569 1316 quaedam
1605 1263 1873 1299 enascens
1905 1264 1977 1299 ex
2011 1242 2306 1315 hypothesi

629 1337 825 1407 anyuli
850 1336 1014 1392 acuti.

593 1470 769 1525 Recta
804 1471 908 1526 CD
941 1470 1146 1542 jungat
1178 1470 1435 1541 aequalia
1465 1470 1863 1541 perpendicula
1896 1469 2017 1533 AC,
2053 1470 2159 1523 BD
2194 1468 2307 1524 cui-

477 1563 609 1617 dam
634 1571 816 1617 rectae
841 1562 947 1616 AB
971 1562 1302 1617 insistentia.
1368 1564 1519 1618 Tum
1545 1561 1740 1617 divisis
1763 1561 2034 1617 bifariam
2058 1561 2115 1615 in
2138 1579 2309 1631 punc-

477 1653 549 1708 tis
585 1655 668 1718 M,
704 1662 759 1708 et
792 1655 852 1709 H
897 1654 1022 1726 (fig.
1059 1654 1184 1724 42.)
1228 1653 1363 1724 ipsis
1398 1654 1520 1717 AB,
1559 1655 1681 1717 (ΣΙ),
1719 1653 1994 1724 jungatur
2029 1654 2159 1708 MH
2205 1652 2309 1723 (ex

477 1745 528 1799 2.
563 1745 769 1816 hujus)
809 1745 1033 1816 utrique
1064 1745 1557 1816 perpendicularis,
1631 1745 1882 1800 Rursum
1913 1744 1970 1799 in
2000 1746 2104 1799 hae
2134 1745 2310 1815 hypo-

476 1837 620 1892 thesi
660 1847 1056 1908 supponuntur
1093 1837 1241 1893 acuti
1280 1837 1472 1908 anguli
1511 1839 1583 1892 ad
1621 1837 1878 1907 junctam
1917 1837 2035 1892 CD.
2119 1836 2310 1907 Quare

479 1929 536 1983 in
562 1929 945 2000 quadrilatero
971 1929 1214 1985 AMHC
1237 1929 1344 1984 erit
1370 1930 1500 1984 MH
1537 1930 1641 1999 (ex
1660 1929 1788 1985 Cor.
1810 1928 1853 1982 Ι.
1874 1937 2001 1998 post
2026 1929 2075 1984 3.
2096 1927 2300 1998 hujus)

479 2020 667 2075 minor
697 2020 818 2091 ipsa
848 2018 967 2077 AC.
1042 2021 1196 2075 Hinc
1226 2030 1444 2086 autem3
1476 2021 1522 2075 si
1554 2021 1611 2075 in
1644 2022 1775 2075 MH
1806 2028 2091 2090 protracta
2122 2037 2310 2075 sumas

482 2114 610 2168 MK
647 2113 937 2183 aequalem
977 2113 1081 2183 ipsi
1122 2112 1256 2178 AC;
1295 2122 1502 2183 puncta
1543 2113 1604 2176 C,
1647 2113 1718 2176 K,
1760 2113 1831 2176 D,
1873 2111 2202 2182 spectabunt
2239 2111 2310 2165 ad

480 2223 714 2260 curvam
755 2204 845 2260 hie
884 2223 1207 2275 expensam.
1292 2204 1513 2259 Deinde
1555 2204 1747 2275 anguli
1791 2204 1863 2259 ad
1905 2203 2161 2274 junctam
2204 2203 2311 2260 CK

481 2305 646 2351 erunt
672 2305 727 2351 et
752 2295 857 2367 ipsi
895 2296 998 2365 (ex
1026 2295 1074 2350 7.
1105 2295 1313 2366 hujus)
1350 2295 1514 2351 acuti.
1584 2295 1768 2366 Igitur
1793 2295 1991 2365 juncta
2013 2295 2140 2359 LX,
2170 2312 2312 2365 quae

483 2387 769 2452 bifariam,
796 2397 963 2458 atque
990 2388 1117 2443 ideo
1152 2388 1256 2458 (ex
1279 2388 1330 2441 2.
1360 2387 1566 2458 hujus)
1602 2387 1674 2441 ad
1699 2386 1937 2457 angulos
1964 2395 2146 2441 rectos
2171 2385 2314 2442 divi-

483 2480 580 2534 dat
604 2479 753 2549 ipsas
779 2479 921 2542 AM,
951 2480 1074 2542 CK,
1101 2478 1208 2534 erit
1232 2478 1491 2533 similiter
1524 2478 1628 2548 (ex
1654 2479 1783 2534 Cor.
1814 2477 1858 2532 I.
1887 2487 2014 2548 post
2040 2479 2072 2533 3
2099 2477 2304 2548 hujus)

482 2571 671 2626 minor
695 2572 893 2626 eadem
920 2570 1039 2627 AC.
1108 2571 1498 2641 Quapropter;
1524 2570 1569 2624 si
1598 2570 1654 2624 in
1680 2570 1787 2624 LX
1813 2578 2100 2640 protracta
2126 2587 2314 2624 sumas

483 2662 584 2717 LF
618 2662 909 2732 aequalem
945 2661 1049 2732 ipsi
1087 2661 1209 2726 AC,
1246 2671 1342 2716 aut
1379 2662 1535 2726 MK;
1571 2660 1740 2716 etiam
1775 2669 2045 2732 punctum
2081 2662 2129 2715 F
2162 2679 2316 2730 spec-

484 2746 625 2809 tabit
656 2755 728 2809 ad
760 2772 885 2810 eam
916 2772 1164 2809 curvam.
1240 2754 1542 2808 Praeterea
1574 2752 1819 2824 jungens
1854 2753 1968 2817 CF,
2004 2761 2058 2808 et
2091 2753 2200 2808 FK
2232 2752 2316 2807 in-
2393 2789 2395 2792 -

485 2845 676 2901 venies
709 2845 967 2901 similiter
999 2846 1114 2901 duo
1145 2844 1255 2899 alia
1286 2853 1493 2915 puncta
1525 2845 1597 2899 ad
1630 2845 1866 2900 eandem
1898 2862 2131 2900 curvam
2163 2862 2316 2914 spec-

486 2936 679 2993 tantia.
760 2936 949 3007 Atque
988 2936 1066 2992 ita
1103 2954 1337 3007 semper.
1419 2936 1591 3007 Quod
1630 2944 1819 2991 autem
1856 2935 1982 2991 dico
2021 2953 2126 3006 pro
2164 2934 2316 2989 inve-
