2456 4016
495 317 676 383 DAC,
708 328 764 375 et
793 316 872 375 sic
900 317 1080 375 multo
1109 317 1297 373 minor
1327 317 1536 390 angulo
1569 318 1768 383 DAM,
1802 318 1920 374 sive
1949 319 2164 385 LHM;
2192 336 2323 374 con-

495 419 585 466 tra
617 410 971 483 hypothesin.
1047 409 1267 465 Deinde
1300 428 1437 465 vero
1469 409 1609 465 nihil
1641 410 2009 482 suffragatur,
2045 410 2196 481 quod
2228 428 2325 465 an-

495 501 662 574 gulus
697 501 861 557 DAF
896 501 1112 557 infinite
1146 519 1347 572 parum
1383 500 1606 556 deficiat
1641 502 1711 557 ab
1744 502 1954 573 angulo
1989 500 2171 566 DAB,
2208 500 2326 556 sive

496 592 624 664 ejus
655 593 1013 649 exactissime
1044 592 1263 664 aequali
1297 592 1477 656 DAC,
1511 592 1605 663 qui
1638 610 1865 648 rursum
1896 592 2080 648 solum
2112 591 2326 648 infinite

497 702 699 755 parum
728 694 1023 755 superetur
1050 685 1120 739 ab
1148 684 1359 755 angulo
1389 684 1586 738 DAM.
1660 684 1812 739 Nam
1841 702 2060 754 semper
2088 683 2328 755 angulus

500 776 680 840 DAF,
727 776 844 831 sive
888 776 1071 839 LHF,
1119 793 1233 830 non
1278 775 1385 830 erit
1427 774 1783 830 exactissime
1828 775 2076 844 aequalis
2120 775 2327 845 angulo

499 867 700 932 DAM,
736 867 854 923 sive
886 867 1088 931 LHM,
1124 875 1321 921 contra
1353 866 1706 937 hypothesin.

616 958 814 1029 Itaque
854 967 1074 1013 constat
1114 976 1310 1012 omnes
1353 957 1668 1035 rectilineos
1709 958 1947 1028 angulos
1989 967 2169 1012 rectos
2211 976 2329 1011 esse

500 1051 741 1105 invicem
774 1049 1131 1105 exactissime
1166 1050 1442 1119 aequaleS‚
1481 1049 1599 1104 sine
1633 1049 1748 1104 ullo
1783 1049 2010 1104 defectu
2044 1048 2213 1103 etiam
2249 1049 2330 1102 in-

501 1141 656 1197 finite
687 1159 878 1212 parvo,
953 1141 1125 1212 Quod
1156 1150 1256 1196 etc.

1168 1339 1664 1406 COROLLARIUM.

617 1454 759 1510 Inde
796 1464 987 1510 autem
1024 1455 1102 1519 fit,
1143 1465 1205 1511 ut
1242 1473 1385 1525 quae
1423 1474 1495 1510 ex
1532 1474 1648 1510 uno
1685 1456 1819 1510 dato
1857 1455 2110 1525 cujusvis
2151 1463 2331 1509 rectae

501 1546 679 1601 lineae
722 1555 931 1616 puncto
973 1545 1510 1616 perpendiculariter
1551 1547 1608 1601 in
1650 1546 1840 1616 aliquo
1881 1546 2049 1616 plano
2091 1547 2164 1601 ad
2204 1564 2334 1600 ean-

501 1638 631 1692 dem
666 1638 940 1703 educitur,
980 1638 1100 1708 ipsa
1136 1638 1208 1693 sit
1244 1638 1300 1692 in
1335 1657 1403 1693 eo
1437 1639 1535 1693 tali
1573 1638 1742 1708 plano
1778 1637 1943 1693 unica
1979 1636 2333 1692 exactissime

502 1729 649 1784 linea
679 1738 846 1794 recta,
878 1748 979 1784 nec
1008 1739 1206 1799 potens
1236 1729 1453 1784 diffindi
1486 1730 1542 1784 in
1573 1731 1729 1785 duas,
1768 1726 1864 1780 [86]

501 1919 644 1974 Post
678 1918 926 1990 quinque
959 1919 1271 1990 praemissa
1306 1921 1618 1986 Lemmata,
1659 1938 1963 1990 eorumque
2000 1918 2333 1985 Corollaria,

616 2010 888 2081 progredi
915 2011 1037 2082 jam
1070 2012 1243 2067 debeo
1277 2013 1349 2067 ad
1380 2012 1885 2066 demonstrandum
1915 2010 2221 2081 principale

716 2111 1068 2174 assumptum
1110 2111 1307 2158 contra
1347 2102 1685 2175 hypothesin
1724 2102 1919 2172 anyuli
1957 2101 2121 2157 acuti.

621 2234 736 2291 Ubi
768 2244 1014 2291 statuere
1044 2253 1292 2306 possum,
1325 2245 1595 2306 tanquam
1624 2255 1723 2306 per
1753 2254 1811 2291 se
1841 2245 2055 2297 notum,
2088 2254 2203 2290 non
2231 2234 2336 2289 mi-

504 2331 611 2381 nus
644 2345 976 2398 repugnare,
1010 2329 1163 2399 quod
1196 2329 1340 2383 duae
1374 2337 1556 2383 rectae
1590 2328 1769 2383 lineae
1812 2327 1962 2398 (sive
1995 2328 2067 2382 ad
2100 2326 2334 2391 finitam,

505 2417 623 2473 sive
655 2420 728 2474 ad
762 2417 1042 2475 infinitam
1074 2420 1383 2474 earundem
1415 2418 1876 2490 productionem)
1920 2419 1978 2473 in
2011 2437 2183 2474 unam
2214 2427 2338 2473 tan-

505 2511 650 2574 dem,
689 2511 1038 2581 eandemque
1076 2520 1286 2565 rectam
1322 2510 1529 2565 lineam
1565 2519 1792 2576 coeant;
1830 2528 1998 2580 quam
2036 2511 2188 2580 quod
2225 2528 2336 2565 una

505 2602 813 2672 eademque
848 2602 995 2657 linea
1032 2611 1181 2657 recta
1227 2601 1377 2673 (sive
1413 2602 1484 2657 ad
1521 2601 1755 2666 finitam,
1796 2601 1912 2657 sive
1949 2603 2021 2657 ad
2059 2601 2336 2656 infinitam

505 2693 766 2763 ejusdem
789 2692 1303 2764 continuationem)
1339 2694 1396 2748 in
1420 2695 1560 2749 duas
1587 2702 1766 2748 rectas
1791 2693 1965 2748 lineas
1990 2693 2335 2757 diffindatur,

505 2794 704 2840 contra
750 2786 1090 2855 praecedens
1136 2785 1375 2840 Lemma
1423 2786 1748 2849 secundum,
1799 2784 2036 2855 ejusque
2085 2784 2338 2841 Corolla-

507 2875 670 2932 rium.
752 2876 1041 2948 Quoniam
1077 2895 1215 2948 ergo
1251 2885 1488 2931 naturae
1526 2876 1705 2931 lineae
1744 2885 1927 2931 rectae
1976 2877 2079 2947 (ex
2115 2894 2338 2946 praece-

507 2969 674 3023 dente
717 2968 905 3025 Corol.
951 2968 1199 3039 proximi
1241 2968 1584 3039 Lemmatis)
1635 2967 1957 3038 oppositum
1999 2966 2195 3023 itidem
2235 2975 2335 3032 est,

507 3061 660 3130 quod
682 3060 827 3116 duae
851 3068 1034 3116 rectae
1056 3060 1235 3115 lineae
1258 3061 1329 3115 ad
1353 3078 1545 3124 unum,
1572 3060 1830 3130 idemque
1856 3068 2125 3129 punctum
2148 3058 2339 3129 cujus-

508 3153 641 3207 dam
662 3151 862 3207 tertiae
887 3160 1086 3217 rectae,
1106 3150 1594 3222 perpendiculares
1620 3150 1724 3221 ipsi
1750 3149 1862 3206 sint
1885 3150 1942 3205 in
1966 3151 2165 3206 eodem
2188 3167 2338 3205 com-

507 3243 664 3299 muni
698 3243 896 3315 plano;
928 3262 1233 3315 agnoscere
1266 3252 1490 3314 oportet
1521 3251 1792 3313 tanquam
1825 3242 2078 3298 absolute
2113 3241 2335 3306 falsam,

508 3335 640 3405 quia
677 3344 1087 3406 repugnantem
1123 3344 1359 3390 naturae
1397 3333 1730 3405 praedictae,
1771 3332 2108 3404 hypothesin
2145 3332 2337 3405 anguli

510 3427 675 3491 acuti,
716 3426 883 3498 juxta
918 3444 1088 3497 quam
1125 3426 1269 3482 duae
1306 3425 1433 3481 illae
1469 3424 1599 3489 AX,
1639 3424 1746 3479 ΒΧ
1794 3423 1916 3496 (fig.
1959 3424 2083 3495 33.)
2129 3423 2188 3479 in
2223 3441 2338 3480 uno

1386 3550 1459 3581 2⁰4
