<?xml version="1.0" encoding="UTF-8"?>
<!DOCTYPE html PUBLIC "-//W3C//DTD XHTML 1.0 Transitional//EN"
    "http://www.w3.org/TR/xhtml1/DTD/xhtml1-transitional.dtd">
<html xmlns="http://www.w3.org/1999/xhtml" xml:lang="en" lang="en">
 <head>
  <title>
</title>
<meta http-equiv="Content-Type" content="text/html;charset=utf-8" />
  <meta name='ocr-system' content='tesseract 3.04.00' />
  <meta name='ocr-capabilities' content='ocr_page ocr_carea ocr_par ocr_line ocrx_word'/>
</head>
<body>
  <div class='ocr_page' id='page_1' title='image "./giroeuclvindicat00saccrich_0208.png"; bbox 0 0 2456 4016; ppageno 0'>
   <div class='ocr_carea' id='block_1_1' title="bbox 463 294 2298 1379">
    <p class='ocr_par' dir='ltr' id='par_1_1' title="bbox 465 294 2295 462">
     <span class='ocr_line' id='line_1_1' title="bbox 465 294 2295 375; baseline 0.002 -20"><span class='ocrx_word' id='word_1_1' title='bbox 465 294 628 356; x_wconf 87' lang='lat' dir='ltr'>debet</span> <span class='ocrx_word' id='word_1_2' title='bbox 664 302 1114 357; x_wconf 86' lang='lat' dir='ltr'>demonstratum</span> <span class='ocrx_word' id='word_1_3' title='bbox 1150 302 1206 356; x_wconf 92' lang='lat' dir='ltr'>in</span> <span class='ocrx_word' id='word_1_4' title='bbox 1242 302 1528 358; x_wconf 85' lang='lat' dir='ltr'>XXVIII.</span> <span class='ocrx_word' id='word_1_5' title='bbox 1568 303 1757 374; x_wconf 80' lang='lat' dir='ltr'>hujuS,</span> <span class='ocrx_word' id='word_1_6' title='bbox 1796 314 1964 375; x_wconf 88' lang='lat' dir='ltr'>prout</span> <span class='ocrx_word' id='word_1_7' title='bbox 1997 324 2202 361; x_wconf 90' lang='lat' dir='ltr'>moneo</span> <span class='ocrx_word' id='word_1_8' title='bbox 2238 306 2295 360; x_wconf 92' lang='lat' dir='ltr'>in</span> 
     </span>
     <span class='ocr_line' id='line_1_2' title="bbox 465 392 1092 462; baseline 0 -14"><span class='ocrx_word' id='word_1_9' title='bbox 465 392 724 462; x_wconf 88' lang='lat' dir='ltr'>ejusdem</span> <span class='ocrx_word' id='word_1_10' title='bbox 759 392 1092 449; x_wconf 85' lang='lat' dir='ltr'>CorollariO.</span> 
     </span>
    </p>

    <p class='ocr_par' dir='ltr' id='par_1_2' title="bbox 463 483 2298 1379">
     <span class='ocr_line' id='line_1_3' title="bbox 581 483 2296 559; baseline 0.003 -21"><span class='ocrx_word' id='word_1_11' title='bbox 581 483 781 554; x_wconf 88' lang='lat' dir='ltr'>Itaque</span> <span class='ocrx_word' id='word_1_12' title='bbox 816 494 1037 540; x_wconf 89' lang='lat' dir='ltr'>constat</span> <span class='ocrx_word' id='word_1_13' title='bbox 1071 504 1249 541; x_wconf 89' lang='lat' dir='ltr'>unum</span> <span class='ocrx_word' id='word_1_14' title='bbox 1284 486 1529 556; x_wconf 83' lang='lat' dir='ltr'><strong>aliquem</strong></span> <span class='ocrx_word' id='word_1_15' title='bbox 1569 488 1695 542; x_wconf 79' lang='lat' dir='ltr'>fore</span> <span class='ocrx_word' id='word_1_16' title='bbox 1740 488 1829 558; x_wconf 86' lang='lat' dir='ltr'>(in</span> <span class='ocrx_word' id='word_1_17' title='bbox 1865 485 2160 559; x_wconf 77' lang='lat' dir='ltr'>hypothesi</span> <span class='ocrx_word' id='word_1_18' title='bbox 2199 507 2296 543; x_wconf 92' lang='lat' dir='ltr'>an-</span> 
     </span>
     <span class='ocr_line' id='line_1_4' title="bbox 465 575 2296 649; baseline 0.002 -19"><span class='ocrx_word' id='word_1_19' title='bbox 465 575 582 646; x_wconf 87' lang='lat' dir='ltr'>guli</span> <span class='ocrx_word' id='word_1_20' title='bbox 632 575 812 646; x_wconf 91' lang='lat' dir='ltr'>acuti)</span> <span class='ocrx_word' id='word_1_21' title='bbox 873 576 1311 631; x_wconf 89' lang='lat' dir='ltr'>determinatum</span> <span class='ocrx_word' id='word_1_22' title='bbox 1360 587 1588 632; x_wconf 89' lang='lat' dir='ltr'>acutum</span> <span class='ocrx_word' id='word_1_23' title='bbox 1637 579 1909 649; x_wconf 81' lang='lat' dir='ltr'><strong>angulum</strong></span> <span class='ocrx_word' id='word_1_24' title='bbox 1960 579 2141 643; x_wconf 83' lang='lat' dir='ltr'>BAX,</span> <span class='ocrx_word' id='word_1_25' title='bbox 2194 579 2296 634; x_wconf 91' lang='lat' dir='ltr'>sub</span> 
     </span>
     <span class='ocr_line' id='line_1_5' title="bbox 464 667 2296 741; baseline 0.003 -21"><span class='ocrx_word' id='word_1_26' title='bbox 464 685 577 736; x_wconf 91' lang='lat' dir='ltr'>quo</span> <span class='ocrx_word' id='word_1_27' title='bbox 603 668 805 722; x_wconf 88' lang='lat' dir='ltr'>educta</span> <span class='ocrx_word' id='word_1_28' title='bbox 829 667 942 721; x_wconf 84' lang='lat' dir='ltr'>AX</span> <span class='ocrx_word' id='word_1_29' title='bbox 969 686 1083 722; x_wconf 91' lang='lat' dir='ltr'>non</span> <span class='ocrx_word' id='word_1_30' title='bbox 1109 669 1217 722; x_wconf 90' lang='lat' dir='ltr'>nisi</span> <span class='ocrx_word' id='word_1_31' title='bbox 1244 670 1321 723; x_wconf 82' lang='lat' dir='ltr'>ad.</span> <span class='ocrx_word' id='word_1_32' title='bbox 1343 669 1623 741; x_wconf 89' lang='lat' dir='ltr'>infinitam</span> <span class='ocrx_word' id='word_1_33' title='bbox 1648 670 1976 724; x_wconf 79' lang='lat' dir='ltr'>distantiam</span> <span class='ocrx_word' id='word_1_34' title='bbox 2003 670 2213 726; x_wconf 91' lang='lat' dir='ltr'>incidat</span> <span class='ocrx_word' id='word_1_35' title='bbox 2239 672 2296 725; x_wconf 91' lang='lat' dir='ltr'>in</span> 
     </span>
     <span class='ocr_line' id='line_1_6' title="bbox 472 754 2297 831; baseline 0.004 -24"><span class='ocrx_word' id='word_1_36' title='bbox 472 754 567 808; x_wconf 90' lang='grc'>[70]</span> <span class='ocrx_word' id='word_1_37' title='bbox 613 777 738 812; x_wconf 91' lang='lat' dir='ltr'>eam</span> <span class='ocrx_word' id='word_1_38' title='bbox 778 759 901 822; x_wconf 77' lang='lat' dir='ltr'>EX,</span> <span class='ocrx_word' id='word_1_39' title='bbox 944 778 1008 813; x_wconf 93' lang='lat' dir='ltr'>ac</span> <span class='ocrx_word' id='word_1_40' title='bbox 1047 768 1344 828; x_wconf 91' lang='lat' dir='ltr'>propterea</span> <span class='ocrx_word' id='word_1_41' title='bbox 1385 760 1456 814; x_wconf 91' lang='lat' dir='ltr'>sit</span> <span class='ocrx_word' id='word_1_42' title='bbox 1495 760 1615 830; x_wconf 89' lang='lat' dir='ltr'>ipsa</span> <span class='ocrx_word' id='word_1_43' title='bbox 1653 761 1812 815; x_wconf 92' lang='lat' dir='ltr'>limes</span> <span class='ocrx_word' id='word_1_44' title='bbox 1853 761 2059 831; x_wconf 88' lang='lat' dir='ltr'>partim</span> <span class='ocrx_word' id='word_1_45' title='bbox 2099 762 2297 816; x_wconf 91' lang='lat' dir='ltr'>intrin-</span> 
     </span>
     <span class='ocr_line' id='line_1_7' title="bbox 465 849 2298 922; baseline 0.002 -20"><span class='ocrx_word' id='word_1_46' title='bbox 465 867 640 914; x_wconf 78' lang='lat' dir='ltr'>secu5,</span> <span class='ocrx_word' id='word_1_47' title='bbox 676 849 883 919; x_wconf 90' lang='lat' dir='ltr'>partim</span> <span class='ocrx_word' id='word_1_48' title='bbox 916 851 1296 916; x_wconf 81' lang='lat' dir='ltr'>extrinsecus;</span> <span class='ocrx_word' id='word_1_49' title='bbox 1330 861 1451 906; x_wconf 93' lang='lat' dir='ltr'>tum</span> <span class='ocrx_word' id='word_1_50' title='bbox 1485 871 1679 907; x_wconf 88' lang='lat' dir='ltr'>earum</span> <span class='ocrx_word' id='word_1_51' title='bbox 1713 853 1983 916; x_wconf 80' lang='lat' dir='ltr'>omnium,</span> <span class='ocrx_word' id='word_1_52' title='bbox 2020 871 2162 922; x_wconf 87' lang='lat' dir='ltr'>quae</span> <span class='ocrx_word' id='word_1_53' title='bbox 2197 853 2298 908; x_wconf 88' lang='lat' dir='ltr'>sub</span> 
     </span>
     <span class='ocr_line' id='line_1_8' title="bbox 463 941 2298 1013; baseline 0.002 -18"><span class='ocrx_word' id='word_1_54' title='bbox 463 941 777 996; x_wconf 86' lang='lat' dir='ltr'>minoribus</span> <span class='ocrx_word' id='word_1_55' title='bbox 805 942 983 996; x_wconf 90' lang='lat' dir='ltr'>acutis</span> <span class='ocrx_word' id='word_1_56' title='bbox 1012 943 1233 1013; x_wconf 80' lang='lat' dir='ltr'>angulis</span> <span class='ocrx_word' id='word_1_57' title='bbox 1261 944 1333 997; x_wconf 93' lang='lat' dir='ltr'>ad</span> <span class='ocrx_word' id='word_1_58' title='bbox 1359 943 1578 998; x_wconf 89' lang='lat' dir='ltr'>finitam</span> <span class='ocrx_word' id='word_1_59' title='bbox 1605 945 1932 999; x_wconf 79' lang='lat' dir='ltr'>distantiam</span> <span class='ocrx_word' id='word_1_60' title='bbox 1960 945 2214 1000; x_wconf 90' lang='lat' dir='ltr'>incidunt</span> <span class='ocrx_word' id='word_1_61' title='bbox 2241 946 2298 999; x_wconf 92' lang='lat' dir='ltr'>in</span> 
     </span>
     <span class='ocr_line' id='line_1_9' title="bbox 465 1033 2298 1106; baseline 0.002 -20"><span class='ocrx_word' id='word_1_62' title='bbox 465 1033 811 1102; x_wconf 78' lang='lat' dir='ltr'>praedictam</span> <span class='ocrx_word' id='word_1_63' title='bbox 847 1034 952 1086; x_wconf 81' lang='grc' dir='ltr'>ΒΧ</span> <span class='ocrx_word' id='word_1_64' title='bbox 971 1053 983 1099; x_wconf 86' lang='grc'>;</span> <span class='ocrx_word' id='word_1_65' title='bbox 1016 1043 1138 1088; x_wconf 90' lang='lat' dir='ltr'>tum</span> <span class='ocrx_word' id='word_1_66' title='bbox 1173 1034 1343 1088; x_wconf 87' lang='lat' dir='ltr'>etiam</span> <span class='ocrx_word' id='word_1_67' title='bbox 1377 1035 1632 1099; x_wconf 91' lang='lat' dir='ltr'>aliarum,</span> <span class='ocrx_word' id='word_1_68' title='bbox 1671 1055 1812 1105; x_wconf 85' lang='lat' dir='ltr'>quae</span> <span class='ocrx_word' id='word_1_69' title='bbox 1847 1037 1951 1090; x_wconf 87' lang='lat' dir='ltr'>sub</span> <span class='ocrx_word' id='word_1_70' title='bbox 1983 1036 2298 1106; x_wconf 85' lang='lat' dir='ltr'>majoribus</span> 
     </span>
     <span class='ocr_line' id='line_1_10' title="bbox 465 1125 2298 1197; baseline 0.003 -19"><span class='ocrx_word' id='word_1_71' title='bbox 465 1125 687 1195; x_wconf 83' lang='lat' dir='ltr'>angulis</span> <span class='ocrx_word' id='word_1_72' title='bbox 723 1125 917 1189; x_wconf 80' lang='lat' dir='ltr'>acutiS‚</span> <span class='ocrx_word' id='word_1_73' title='bbox 954 1144 1130 1195; x_wconf 90' lang='lat' dir='ltr'>usque</span> <span class='ocrx_word' id='word_1_74' title='bbox 1164 1127 1235 1180; x_wconf 93' lang='lat' dir='ltr'>ad</span> <span class='ocrx_word' id='word_1_75' title='bbox 1270 1127 1541 1197; x_wconf 84' lang='lat' dir='ltr'>angulum</span> <span class='ocrx_word' id='word_1_76' title='bbox 1577 1136 1791 1182; x_wconf 91' lang='lat' dir='ltr'>rectum</span> <span class='ocrx_word' id='word_1_77' title='bbox 1826 1127 2111 1192; x_wconf 85' lang='lat' dir='ltr'>inclusive,</span> <span class='ocrx_word' id='word_1_78' title='bbox 2149 1147 2298 1190; x_wconf 91' lang='lat' dir='ltr'>com-</span> 
     </span>
     <span class='ocr_line' id='line_1_11' title="bbox 464 1216 2297 1288; baseline 0.002 -18"><span class='ocrx_word' id='word_1_79' title='bbox 464 1234 634 1270; x_wconf 90' lang='lat' dir='ltr'>mune</span> <span class='ocrx_word' id='word_1_80' title='bbox 663 1216 918 1271; x_wconf 83' lang='lat' dir='ltr'>obtinent</span> <span class='ocrx_word' id='word_1_81' title='bbox 947 1217 1002 1271; x_wconf 91' lang='lat' dir='ltr'>in</span> <span class='ocrx_word' id='word_1_82' title='bbox 1033 1217 1252 1272; x_wconf 88' lang='lat' dir='ltr'>duobus</span> <span class='ocrx_word' id='word_1_83' title='bbox 1282 1218 1560 1273; x_wconf 90' lang='lat' dir='ltr'>distinctis</span> <span class='ocrx_word' id='word_1_84' title='bbox 1589 1218 1810 1288; x_wconf 88' lang='lat' dir='ltr'>punctis</span> <span class='ocrx_word' id='word_1_85' title='bbox 1841 1220 2297 1288; x_wconf 84' lang='lat' dir='ltr'>perpendiculum</span> 
     </span>
     <span class='ocr_line' id='line_1_12' title="bbox 466 1308 1519 1379; baseline 0.002 -18"><span class='ocrx_word' id='word_1_86' title='bbox 466 1325 594 1362; x_wconf 92' lang='lat' dir='ltr'>cum</span> <span class='ocrx_word' id='word_1_87' title='bbox 628 1309 825 1362; x_wconf 90' lang='lat' dir='ltr'>eadem</span> <span class='ocrx_word' id='word_1_88' title='bbox 860 1308 981 1362; x_wconf 85' lang='grc' dir='ltr'>ΒΧ.</span> <span class='ocrx_word' id='word_1_89' title='bbox 1060 1309 1231 1379; x_wconf 74' lang='lat' dir='ltr'>Quod</span> <span class='ocrx_word' id='word_1_90' title='bbox 1266 1319 1385 1363; x_wconf 89' lang='lat' dir='ltr'>erat</span> <span class='ocrx_word' id='word_1_91' title='bbox 1419 1318 1519 1364; x_wconf 90' lang='lat' dir='ltr'>etc.</span> 
     </span>
    </p>
   </div>
   <div class='ocr_carea' id='block_1_2' title="bbox 1051 1494 1770 1540">
    <p class='ocr_par' dir='ltr' id='par_1_3' title="bbox 1051 1494 1770 1540">
     <span class='ocr_line' id='line_1_13' title="bbox 1051 1494 1770 1540; baseline 0.004 -3"><span class='ocrx_word' id='word_1_92' title='bbox 1051 1494 1453 1540; x_wconf 89' lang='lat' dir='ltr'>PROPOSITIO</span> <span class='ocrx_word' id='word_1_93' title='bbox 1485 1496 1717 1540; x_wconf 89' lang='lat' dir='ltr'>XXXIII.</span> <span class='ocrx_word' id='word_1_94' title='bbox 1767 1504 1770 1507; x_wconf 75' lang='grc'><em>’</em></span> 
     </span>
    </p>
   </div>
   <div class='ocr_carea' id='block_1_3' title="bbox 466 1622 2302 1771">
    <p class='ocr_par' dir='ltr' id='par_1_4' title="bbox 466 1622 2302 1771">
     <span class='ocr_line' id='line_1_14' title="bbox 466 1622 2302 1697; baseline 0.002 -21"><span class='ocrx_word' id='word_1_95' title='bbox 466 1623 531 1676; x_wconf 93' lang='lat' dir='ltr'><em>H</em></span> <span class='ocrx_word' id='word_1_96' title='bbox 530 1622 822 1693; x_wconf 70' lang='lat' dir='ltr'>ypothesis</span> <span class='ocrx_word' id='word_1_97' title='bbox 845 1624 1040 1694; x_wconf 58' lang='lat' dir='ltr'>anguli</span> <span class='ocrx_word' id='word_1_98' title='bbox 1063 1625 1215 1679; x_wconf 79' lang='lat' dir='ltr'>acuti</span> <span class='ocrx_word' id='word_1_99' title='bbox 1237 1634 1320 1680; x_wconf 79' lang='lat' dir='ltr'>est</span> <span class='ocrx_word' id='word_1_100' title='bbox 1344 1627 1596 1680; x_wconf 73' lang='lat' dir='ltr'>absolute</span> <span class='ocrx_word' id='word_1_101' title='bbox 1619 1627 1800 1697; x_wconf 79' lang='lat' dir='ltr'>falsa;</span> <span class='ocrx_word' id='word_1_102' title='bbox 1826 1626 1956 1697; x_wconf 76' lang='lat' dir='ltr'>quia</span> <span class='ocrx_word' id='word_1_103' title='bbox 1982 1636 2302 1697; x_wconf 67' lang='lat' dir='ltr'>repugynans</span> 
     </span>
     <span class='ocr_line' id='line_1_15' title="bbox 620 1715 1301 1771; baseline 0.003 -2"><span class='ocrx_word' id='word_1_104' title='bbox 620 1723 857 1770; x_wconf 77' lang='lat' dir='ltr'>naturae</span> <span class='ocrx_word' id='word_1_105' title='bbox 890 1715 1069 1771; x_wconf 75' lang='lat' dir='ltr'>lineae</span> <span class='ocrx_word' id='word_1_106' title='bbox 1101 1725 1301 1771; x_wconf 74' lang='lat' dir='ltr'>rectae.</span> 
     </span>
    </p>
   </div>
   <div class='ocr_carea' id='block_1_4' title="bbox 467 1848 2305 2928">
    <p class='ocr_par' dir='ltr' id='par_1_5' title="bbox 467 1848 2305 2928">
     <span class='ocr_line' id='line_1_16' title="bbox 584 1848 2301 1919; baseline 0.002 -18"><span class='ocrx_word' id='word_1_107' title='bbox 584 1848 1039 1903; x_wconf 87' lang='lat' dir='ltr'>Demonstratur.</span> <span class='ocrx_word' id='word_1_108' title='bbox 1121 1851 1214 1903; x_wconf 75' lang='lat' dir='ltr'>EX</span> <span class='ocrx_word' id='word_1_109' title='bbox 1252 1851 1575 1919; x_wconf 83' lang='lat' dir='ltr'>praemissis</span> <span class='ocrx_word' id='word_1_110' title='bbox 1614 1852 2007 1906; x_wconf 87' lang='lat' dir='ltr'>Theorematis</span> <span class='ocrx_word' id='word_1_111' title='bbox 2045 1861 2301 1907; x_wconf 85' lang='lat' dir='ltr'>constare</span> 
     </span>
     <span class='ocr_line' id='line_1_17' title="bbox 467 1942 2303 2011; baseline 0.002 -18"><span class='ocrx_word' id='word_1_112' title='bbox 467 1948 651 2008; x_wconf 91' lang='lat' dir='ltr'>potest</span> <span class='ocrx_word' id='word_1_113' title='bbox 684 1959 752 1994; x_wconf 90' lang='lat' dir='ltr'>eo</span> <span class='ocrx_word' id='word_1_114' title='bbox 784 1942 1015 1995; x_wconf 92' lang='lat' dir='ltr'>tandem</span> <span class='ocrx_word' id='word_1_115' title='bbox 1049 1943 1355 2011; x_wconf 85' lang='lat' dir='ltr'>perducere</span> <span class='ocrx_word' id='word_1_116' title='bbox 1390 1943 1746 1999; x_wconf 90' lang='lat' dir='ltr'>Geometriae</span> <span class='ocrx_word' id='word_1_117' title='bbox 1781 1944 2084 1998; x_wconf 90' lang='lat' dir='ltr'>Euclideae</span> <span class='ocrx_word' id='word_1_118' title='bbox 2119 1943 2303 1997; x_wconf 88' lang='lat' dir='ltr'>inimi-</span> 
     </span>
     <span class='ocr_line' id='line_1_18' title="bbox 467 2032 2302 2105; baseline 0.001 -18"><span class='ocrx_word' id='word_1_119' title='bbox 467 2049 592 2087; x_wconf 89' lang='lat' dir='ltr'>cam</span> <span class='ocrx_word' id='word_1_120' title='bbox 619 2032 958 2102; x_wconf 87' lang='lat' dir='ltr'>hypothesin</span> <span class='ocrx_word' id='word_1_121' title='bbox 986 2033 1179 2103; x_wconf 88' lang='lat' dir='ltr'>anguli</span> <span class='ocrx_word' id='word_1_122' title='bbox 1208 2033 1374 2098; x_wconf 90' lang='lat' dir='ltr'>acuti,</span> <span class='ocrx_word' id='word_1_123' title='bbox 1404 2043 1467 2089; x_wconf 91' lang='lat' dir='ltr'>ut</span> <span class='ocrx_word' id='word_1_124' title='bbox 1495 2053 1801 2105; x_wconf 89' lang='lat' dir='ltr'>agnoscere</span> <span class='ocrx_word' id='word_1_125' title='bbox 1831 2035 2132 2090; x_wconf 89' lang='lat' dir='ltr'>debeamus</span> <span class='ocrx_word' id='word_1_126' title='bbox 2162 2036 2302 2090; x_wconf 91' lang='lat' dir='ltr'>duas</span> 
     </span>
     <span class='ocr_line' id='line_1_19' title="bbox 468 2122 2303 2196; baseline 0.002 -20"><span class='ocrx_word' id='word_1_127' title='bbox 468 2122 526 2177; x_wconf 90' lang='lat' dir='ltr'>in</span> <span class='ocrx_word' id='word_1_128' title='bbox 556 2124 756 2177; x_wconf 91' lang='lat' dir='ltr'>eodem</span> <span class='ocrx_word' id='word_1_129' title='bbox 785 2124 954 2193; x_wconf 90' lang='lat' dir='ltr'>plano</span> <span class='ocrx_word' id='word_1_130' title='bbox 985 2125 1291 2179; x_wconf 83' lang='lat' dir='ltr'>existentes</span> <span class='ocrx_word' id='word_1_131' title='bbox 1324 2135 1503 2180; x_wconf 87' lang='lat' dir='ltr'>rectas</span> <span class='ocrx_word' id='word_1_132' title='bbox 1535 2126 1665 2190; x_wconf 86' lang='lat' dir='ltr'>AX,</span> <span class='ocrx_word' id='word_1_133' title='bbox 1700 2127 1824 2190; x_wconf 84' lang='grc' dir='ltr'>ΒΧ,</span> <span class='ocrx_word' id='word_1_134' title='bbox 1858 2145 2000 2196; x_wconf 89' lang='lat' dir='ltr'>quae</span> <span class='ocrx_word' id='word_1_135' title='bbox 2031 2126 2087 2180; x_wconf 91' lang='lat' dir='ltr'>in</span> <span class='ocrx_word' id='word_1_136' title='bbox 2118 2126 2303 2180; x_wconf 86' lang='lat' dir='ltr'>infini-</span> 
     </span>
     <span class='ocr_line' id='line_1_20' title="bbox 468 2219 2303 2287; baseline 0.003 -19"><span class='ocrx_word' id='word_1_137' title='bbox 468 2223 590 2269; x_wconf 91' lang='lat' dir='ltr'>tum</span> <span class='ocrx_word' id='word_1_138' title='bbox 626 2224 945 2284; x_wconf 89' lang='lat' dir='ltr'>protractae</span> <span class='ocrx_word' id='word_1_139' title='bbox 981 2234 1178 2271; x_wconf 88' lang='lat' dir='ltr'>versus</span> <span class='ocrx_word' id='word_1_140' title='bbox 1216 2236 1309 2271; x_wconf 92' lang='lat' dir='ltr'>eas</span> <span class='ocrx_word' id='word_1_141' title='bbox 1346 2226 1533 2286; x_wconf 90' lang='lat' dir='ltr'>partes</span> <span class='ocrx_word' id='word_1_142' title='bbox 1570 2226 1908 2287; x_wconf 90' lang='lat' dir='ltr'>punctorum</span> <span class='ocrx_word' id='word_1_143' title='bbox 1945 2219 2000 2271; x_wconf 94' lang='lat' dir='ltr'>X</span> <span class='ocrx_word' id='word_1_144' title='bbox 2038 2219 2095 2272; x_wconf 91' lang='lat' dir='ltr'>in</span> <span class='ocrx_word' id='word_1_145' title='bbox 2132 2237 2303 2273; x_wconf 88' lang='lat' dir='ltr'>unam</span> 
     </span>
     <span class='ocr_line' id='line_1_21' title="bbox 467 2308 2303 2377; baseline 0.001 -17"><span class='ocrx_word' id='word_1_146' title='bbox 467 2308 698 2361; x_wconf 91' lang='lat' dir='ltr'>tandem</span> <span class='ocrx_word' id='word_1_147' title='bbox 743 2308 1091 2377; x_wconf 89' lang='lat' dir='ltr'>eandemque</span> <span class='ocrx_word' id='word_1_148' title='bbox 1136 2317 1347 2362; x_wconf 92' lang='lat' dir='ltr'>rectam</span> <span class='ocrx_word' id='word_1_149' title='bbox 1391 2309 1598 2363; x_wconf 91' lang='lat' dir='ltr'>lineam</span> <span class='ocrx_word' id='word_1_150' title='bbox 1642 2309 1791 2363; x_wconf 90' lang='lat' dir='ltr'>coire</span> <span class='ocrx_word' id='word_1_151' title='bbox 1838 2310 2091 2374; x_wconf 89' lang='lat' dir='ltr'>debeant,</span> <span class='ocrx_word' id='word_1_152' title='bbox 2139 2309 2303 2364; x_wconf 87' lang='lat' dir='ltr'>nimi-</span> 
     </span>
     <span class='ocr_line' id='line_1_22' title="bbox 471 2398 2305 2471; baseline 0.003 -20"><span class='ocrx_word' id='word_1_153' title='bbox 471 2416 597 2453; x_wconf 93' lang='lat' dir='ltr'>rum</span> <span class='ocrx_word' id='word_1_154' title='bbox 635 2398 972 2468; x_wconf 83' lang='lat' dir='ltr'>recipiendO,</span> <span class='ocrx_word' id='word_1_155' title='bbox 1014 2399 1071 2453; x_wconf 90' lang='lat' dir='ltr'>in</span> <span class='ocrx_word' id='word_1_156' title='bbox 1108 2419 1222 2455; x_wconf 91' lang='lat' dir='ltr'>uno</span> <span class='ocrx_word' id='word_1_157' title='bbox 1260 2401 1569 2470; x_wconf 90' lang='lat' dir='ltr'>eodemque</span> <span class='ocrx_word' id='word_1_158' title='bbox 1607 2400 1823 2455; x_wconf 88' lang='lat' dir='ltr'>infinite</span> <span class='ocrx_word' id='word_1_159' title='bbox 1862 2401 2061 2456; x_wconf 88' lang='lat' dir='ltr'>dissito</span> <span class='ocrx_word' id='word_1_160' title='bbox 2098 2411 2305 2471; x_wconf 90' lang='lat' dir='ltr'>puncto</span> 
     </span>
     <span class='ocr_line' id='line_1_23' title="bbox 470 2489 2300 2563; baseline 0.003 -20"><span class='ocrx_word' id='word_1_161' title='bbox 470 2489 542 2554; x_wconf 92' lang='lat' dir='ltr'>X,</span> <span class='ocrx_word' id='word_1_162' title='bbox 587 2508 886 2545; x_wconf 91' lang='lat' dir='ltr'>commune</span> <span class='ocrx_word' id='word_1_163' title='bbox 928 2490 984 2544; x_wconf 90' lang='lat' dir='ltr'>in</span> <span class='ocrx_word' id='word_1_164' title='bbox 1026 2492 1226 2545; x_wconf 89' lang='lat' dir='ltr'>eodem</span> <span class='ocrx_word' id='word_1_165' title='bbox 1267 2509 1395 2546; x_wconf 89' lang='lat' dir='ltr'>cum</span> <span class='ocrx_word' id='word_1_166' title='bbox 1437 2492 1572 2561; x_wconf 92' lang='lat' dir='ltr'>ipsis</span> <span class='ocrx_word' id='word_1_167' title='bbox 1614 2492 1782 2562; x_wconf 91' lang='lat' dir='ltr'>plano</span> <span class='ocrx_word' id='word_1_168' title='bbox 1825 2493 2300 2563; x_wconf 89' lang='lat' dir='ltr'>perpendiculum.</span> 
     </span>
     <span class='ocr_line' id='line_1_24' title="bbox 471 2581 2301 2655; baseline 0.002 -19"><span class='ocrx_word' id='word_1_169' title='bbox 471 2581 760 2651; x_wconf 74' lang='lat' dir='ltr'>Quoniam</span> <span class='ocrx_word' id='word_1_170' title='bbox 800 2600 937 2636; x_wconf 88' lang='lat' dir='ltr'>vero</span> <span class='ocrx_word' id='word_1_171' title='bbox 980 2583 1048 2637; x_wconf 92' lang='lat' dir='ltr'>de</span> <span class='ocrx_word' id='word_1_172' title='bbox 1090 2582 1287 2652; x_wconf 88' lang='lat' dir='ltr'>primis</span> <span class='ocrx_word' id='word_1_173' title='bbox 1330 2582 1464 2652; x_wconf 90' lang='lat' dir='ltr'>ipsis</span> <span class='ocrx_word' id='word_1_174' title='bbox 1506 2583 1795 2653; x_wconf 91' lang='lat' dir='ltr'>principiis</span> <span class='ocrx_word' id='word_1_175' title='bbox 1840 2585 2124 2655; x_wconf 89' lang='lat' dir='ltr'>agendum</span> <span class='ocrx_word' id='word_1_176' title='bbox 2165 2585 2301 2639; x_wconf 92' lang='lat' dir='ltr'>mihi</span> 
     </span>
     <span class='ocr_line' id='line_1_25' title="bbox 471 2672 2304 2745; baseline 0.002 -19"><span class='ocrx_word' id='word_1_177' title='bbox 471 2672 561 2727; x_wconf 90' lang='lat' dir='ltr'>hic</span> <span class='ocrx_word' id='word_1_178' title='bbox 600 2682 698 2737; x_wconf 88' lang='lat' dir='ltr'>est,</span> <span class='ocrx_word' id='word_1_179' title='bbox 743 2673 1043 2743; x_wconf 88' lang='lat' dir='ltr'>diligenter</span> <span class='ocrx_word' id='word_1_180' title='bbox 1082 2674 1307 2737; x_wconf 85' lang='lat' dir='ltr'>curab0‚</span> <span class='ocrx_word' id='word_1_181' title='bbox 1352 2683 1413 2729; x_wconf 92' lang='lat' dir='ltr'>ut</span> <span class='ocrx_word' id='word_1_182' title='bbox 1453 2674 1592 2728; x_wconf 87' lang='lat' dir='ltr'>nihil</span> <span class='ocrx_word' id='word_1_183' title='bbox 1636 2675 1895 2729; x_wconf 91' lang='lat' dir='ltr'>omittam</span> <span class='ocrx_word' id='word_1_184' title='bbox 1936 2676 2095 2745; x_wconf 90' lang='lat' dir='ltr'>quasi</span> <span class='ocrx_word' id='word_1_185' title='bbox 2137 2676 2304 2730; x_wconf 92' lang='lat' dir='ltr'>nimis</span> 
     </span>
     <span class='ocr_line' id='line_1_26' title="bbox 470 2765 2302 2835; baseline 0.002 -17"><span class='ocrx_word' id='word_1_186' title='bbox 470 2765 796 2834; x_wconf 90' lang='lat' dir='ltr'>scrupulose</span> <span class='ocrx_word' id='word_1_187' title='bbox 836 2765 1139 2835; x_wconf 87' lang='lat' dir='ltr'>objectum,</span> <span class='ocrx_word' id='word_1_188' title='bbox 1183 2767 1334 2835; x_wconf 90' lang='lat' dir='ltr'>quod</span> <span class='ocrx_word' id='word_1_189' title='bbox 1375 2766 1603 2835; x_wconf 90' lang='lat' dir='ltr'>quidem</span> <span class='ocrx_word' id='word_1_190' title='bbox 1641 2767 2033 2822; x_wconf 81' lang='lat' dir='ltr'>exactissimae</span> <span class='ocrx_word' id='word_1_191' title='bbox 2073 2768 2302 2822; x_wconf 88' lang='lat' dir='ltr'>demon-</span> 
     </span>
     <span class='ocr_line' id='line_1_27' title="bbox 470 2856 1684 2928; baseline 0.002 -18"><span class='ocrx_word' id='word_1_192' title='bbox 470 2856 730 2911; x_wconf 89' lang='lat' dir='ltr'>strationi</span> <span class='ocrx_word' id='word_1_193' title='bbox 763 2865 1146 2927; x_wconf 86' lang='lat' dir='ltr'>opportunum</span> <span class='ocrx_word' id='word_1_194' title='bbox 1179 2875 1298 2912; x_wconf 90' lang='lat' dir='ltr'>esse</span> <span class='ocrx_word' id='word_1_195' title='bbox 1330 2876 1684 2928; x_wconf 88' lang='lat' dir='ltr'>cognoscam.</span> 
     </span>
    </p>
   </div>
   <div class='ocr_carea' id='block_1_5' title="bbox 1229 3057 1539 3103">
    <p class='ocr_par' dir='ltr' id='par_1_6' title="bbox 1229 3057 1539 3103">
     <span class='ocr_line' id='line_1_28' title="bbox 1229 3057 1539 3103; baseline 0.006 -2"><span class='ocrx_word' id='word_1_196' title='bbox 1229 3057 1475 3102; x_wconf 91' lang='lat' dir='ltr'><strong>LEMMA</strong></span> <span class='ocrx_word' id='word_1_197' title='bbox 1502 3059 1539 3103; x_wconf 90' lang='grc' dir='ltr'>Ι.</span> 
     </span>
    </p>
   </div>
   <div class='ocr_carea' id='block_1_6' title="bbox 614 3186 2154 3258">
    <p class='ocr_par' dir='ltr' id='par_1_7' title="bbox 614 3186 2154 3258">
     <span class='ocr_line' id='line_1_29' title="bbox 614 3186 2154 3258; baseline 0.002 -18"><span class='ocrx_word' id='word_1_198' title='bbox 614 3187 779 3242; x_wconf 77' lang='lat' dir='ltr'>Duae</span> <span class='ocrx_word' id='word_1_199' title='bbox 808 3195 993 3242; x_wconf 73' lang='lat' dir='ltr'>rectae</span> <span class='ocrx_word' id='word_1_200' title='bbox 1024 3187 1204 3242; x_wconf 73' lang='lat' dir='ltr'>lineae</span> <span class='ocrx_word' id='word_1_201' title='bbox 1234 3186 1478 3257; x_wconf 75' lang='lat' dir='ltr'>spatium</span> <span class='ocrx_word' id='word_1_202' title='bbox 1512 3206 1627 3242; x_wconf 75' lang='lat' dir='ltr'>non</span> <span class='ocrx_word' id='word_1_203' title='bbox 1658 3189 2154 3258; x_wconf 73' lang='lat' dir='ltr'>comprehendunt.</span> 
     </span>
    </p>
   </div>
   <div class='ocr_carea' id='block_1_7' title="bbox 470 3299 2301 3483">
    <p class='ocr_par' dir='ltr' id='par_1_8' title="bbox 470 3299 2301 3483">
     <span class='ocr_line' id='line_1_30' title="bbox 589 3299 2301 3392; baseline 0.002 -18"><span class='ocrx_word' id='word_1_204' title='bbox 589 3320 803 3375; x_wconf 88' lang='lat' dir='ltr'>Definit</span> <span class='ocrx_word' id='word_1_205' title='bbox 845 3320 1110 3376; x_wconf 88' lang='lat' dir='ltr'>Euclides</span> <span class='ocrx_word' id='word_1_206' title='bbox 1154 3299 1361 3375; x_wconf 88' lang='lat' dir='ltr'>lineam</span> <span class='ocrx_word' id='word_1_207' title='bbox 1405 3329 1631 3385; x_wconf 89' lang='lat' dir='ltr'>rectam,</span> <span class='ocrx_word' id='word_1_208' title='bbox 1677 3339 1820 3390; x_wconf 89' lang='lat' dir='ltr'>quae</span> <span class='ocrx_word' id='word_1_209' title='bbox 1864 3340 1937 3375; x_wconf 81' lang='lat' dir='ltr'>ex</span> <span class='ocrx_word' id='word_1_210' title='bbox 1979 3340 2156 3392; x_wconf 78' lang='lat' dir='ltr'>aequo</span> <span class='ocrx_word' id='word_1_211' title='bbox 2200 3340 2301 3377; x_wconf 84' lang='lat' dir='ltr'>sua</span> 
     </span>
     <span class='ocr_line' id='line_1_31' title="bbox 470 3410 2300 3483; baseline 0.001 -18"><span class='ocrx_word' id='word_1_212' title='bbox 470 3410 771 3482; x_wconf 75' lang='lat' dir='ltr'>interjacet</span> <span class='ocrx_word' id='word_1_213' title='bbox 805 3420 1026 3482; x_wconf 74' lang='lat' dir='ltr'>puncta.</span> <span class='ocrx_word' id='word_1_214' title='bbox 1108 3412 1249 3467; x_wconf 89' lang='lat' dir='ltr'>Esto</span> <span class='ocrx_word' id='word_1_215' title='bbox 1287 3411 1461 3482; x_wconf 88' lang='lat' dir='ltr'>igitur</span> <span class='ocrx_word' id='word_1_216' title='bbox 1505 3411 1629 3481; x_wconf 87' lang='lat' dir='ltr'>(fig.</span> <span class='ocrx_word' id='word_1_217' title='bbox 1671 3410 1795 3482; x_wconf 88' lang='lat'>37.)</span> <span class='ocrx_word' id='word_1_218' title='bbox 1841 3412 1987 3467; x_wconf 90' lang='lat' dir='ltr'>linea</span> <span class='ocrx_word' id='word_1_219' title='bbox 2025 3414 2300 3483; x_wconf 90' lang='lat' dir='ltr'>quaedam</span> 
     </span>
    </p>
   </div>
   <div class='ocr_carea' id='block_1_8' title="bbox 1354 3536 1422 3568">
    <p class='ocr_par' dir='ltr' id='par_1_9' title="bbox 1354 3536 1422 3568">
     <span class='ocr_line' id='line_1_32' title="bbox 1354 3536 1422 3568; baseline 0 -9"><span class='ocrx_word' id='word_1_220' title='bbox 1354 3536 1422 3568; x_wconf 91' lang='lat'>172</span> 
     </span>
    </p>
   </div>
  </div>
 </body>
</html>
