2456 4016
463 338 749 412 gradibuS‚
789 338 895 404 vel,
935 347 998 394 ut
1035 337 1183 403 libet,
1224 337 1411 393 minus
1450 337 1713 393 deficiens
1752 357 1785 394 a
1824 346 2005 404 recto;
2043 336 2168 407 quis
2206 344 2290 391 est

462 441 581 487 tam
618 449 821 502 expers
861 430 1233 495 Geometriae‚
1276 429 1412 501 quin
1451 429 1643 485 statim
1683 448 1802 485 rem
1842 429 2023 500 ipsam
2060 429 2289 484 demon-

463 522 697 588 strative
724 522 1025 578 exhibeat?
1092 521 1245 577 Nam
1271 529 1637 592 supponatur⁴
1658 520 1782 592 (fig.
1818 520 1938 592 12.)
1977 521 2142 575 datus
2170 519 2291 591 qui-

463 614 598 670 libet
637 614 880 686 angulus
922 613 1097 678 BAP,
1140 622 1202 668 ut
1243 621 1379 684 puta
1418 612 1508 667 88.
1554 613 1849 684 graduum.
1937 611 1999 669 Si
2040 629 2178 682 ergo
2219 629 2292 666 ex

462 705 711 777 quolibet
734 714 944 777 puncto
970 705 1017 759 B
1044 704 1218 775 ipsius
1245 704 1368 768 AB,
1397 703 1725 759 demittatur
1750 704 1823 759 ad
1848 702 2163 773 subjectam
2186 701 2292 757 ΑΡ

472 797 674 869 (juxta
713 796 1108 853 duodecimam
1148 795 1348 867 primi)
1397 794 1873 866 perpendicularis
1915 794 2031 859 BP,
2073 802 2292 849 constat

463 888 614 944 enim
649 907 788 945 vero
824 889 882 943 in
918 907 986 943 eo
1022 887 1310 958 triangulo
1348 886 1506 942 ABP
1542 886 1859 942 exhibitum
1898 885 2025 941 fore
2062 886 2293 941 demon-

464 981 698 1036 strative
731 997 1069 1036 concursum
1102 988 1360 1050 optatum
1392 978 1450 1033 in
1483 997 1551 1034 eo
1583 986 1791 1049 puncto
1827 978 1891 1032 B.

580 1072 752 1145 Quod
781 1071 828 1127 si
859 1071 1002 1127 alter
1030 1070 1271 1142 angulus
1302 1071 1375 1125 ad
1405 1070 1585 1125 basim
1614 1069 1930 1141 postuletur
1959 1077 2014 1124 et
2044 1067 2162 1139 ipse
2190 1067 2294 1123 mi-

463 1182 572 1219 nor
612 1172 782 1228 rect0,
825 1172 889 1219 ut
929 1171 1066 1233 puta
1106 1162 1196 1217 84.
1242 1163 1540 1233 graduum,
1583 1180 1751 1232 quem
1792 1178 1992 1231 nempe
2034 1159 2295 1215 exhibeat

464 1257 631 1311 datus
663 1255 905 1327 angulus
939 1255 1026 1309 K:
1058 1263 1193 1310 tunc
1235 1253 1435 1325 (juxta
1465 1253 1556 1308 23.
1592 1252 1793 1323 primi)
1835 1252 2052 1307 efficere
2085 1250 2294 1322 poteris

463 1365 661 1403 versus
693 1355 882 1417 partes
912 1354 1096 1401 rectae
1126 1345 1233 1399 AB
1264 1345 1555 1415 aequalem
1585 1344 1857 1415 angulum
1887 1343 2069 1408 APD,
2103 1360 2296 1399 occur-

467 1447 624 1494 rente
658 1440 764 1494 PD
798 1437 903 1509 ipsi
937 1437 1044 1492 AB
1077 1437 1136 1492 in
1170 1437 1418 1507 quodam
1450 1436 1577 1506 ejus
1610 1435 1947 1491 intermedio
1980 1443 2188 1506 puncto
2223 1435 2292 1489 D.

465 1531 659 1603 Quare
685 1529 982 1585 habebitur
1010 1546 1237 1585 rursum
1265 1527 1707 1583 demonstrative
1736 1544 2042 1582 concursus
2072 1534 2296 1597 optatus

468 1623 526 1677 in
552 1640 622 1678 eo
647 1630 858 1693 puncto
885 1622 955 1675 D.

583 1714 843 1769 Tandem
890 1731 1057 1767 vero:
1108 1712 1153 1767 si
1204 1711 1345 1766 alter
1393 1710 1634 1781 angulus
1683 1709 1998 1780 postuletur
2046 1710 2296 1773 obtusu5‚

469 1806 568 1861 sed
600 1805 789 1860 minor
822 1813 1013 1859 tamen
1048 1803 1138 1858 92.
1178 1802 1464 1874 gradibuS‚
1503 1821 1573 1856 ne
1609 1820 1738 1857 cum
1772 1801 1886 1856 alio
1921 1801 2055 1856 dato
2090 1800 2300 1872 angulo

470 1897 629 1952 BAP
660 1896 1050 1966 compleantur
1080 1895 1194 1950 duo
1227 1893 1393 1948 recti:
1425 1893 1709 1948 exhibitus
1741 1892 1831 1948 hic
1862 1892 1934 1948 sit
1966 1892 2023 1947 in
2055 1894 2300 1963 quodam

470 1988 681 2060 angulo
710 1988 763 2042 R
788 1988 879 2044 91.
911 1988 1208 2058 graduum.
1279 1985 1712 2041 Ostendendum
1740 1993 1840 2049 est,
1871 2003 2047 2040 unum
2073 1983 2302 2054 aliquod

471 2099 592 2136 esse
627 2088 898 2151 punctum
933 2078 989 2133 X
1024 2078 1082 2132 in
1116 2078 1239 2148 ipsa
1272 2076 1395 2141 ΑΡ,
1433 2077 1505 2131 ad
1540 2076 1692 2147 quod
1725 2075 1924 2147 juncta
1958 2075 2065 2130 ΒΧ
2100 2074 2302 2130 efficiat

472 2172 745 2244 angulum
789 2170 957 2226 BXA
998 2169 1289 2240 aequalem
1332 2169 1467 2223 dato
1509 2167 1718 2238 angulo
1763 2167 1816 2221 R
1857 2167 1947 2222 91.
1993 2168 2304 2238 graduum:

473 2266 618 2320 adeo
645 2273 708 2320 ut
734 2271 1034 2334 propterea
1062 2261 1167 2317 sub
1193 2261 1438 2331 quadam
1468 2267 1620 2314 recta
1649 2258 1928 2314 incidente
1958 2257 2072 2313 AX
2102 2258 2305 2313 habea-

473 2365 568 2412 tur
599 2372 905 2411 concursus
938 2362 1164 2424 optatus
1198 2351 1255 2406 in
1287 2350 1575 2422 praedicto
1608 2358 1815 2420 puncto
1849 2350 1912 2404 B.
1991 2349 2084 2406 Sic
2117 2359 2304 2405 autern

475 2446 814 2519 proceditur.
892 2443 1371 2516 Quandoquidem
1415 2441 1732 2513 (protracta
1766 2440 1872 2495 PA
1904 2459 2081 2512 usque
2116 2441 2174 2496 in
2207 2440 2306 2497 ali-

476 2540 629 2611 quod
656 2546 927 2609 punctum
953 2535 1047 2606 H)
1081 2534 1322 2606 angulus
1349 2542 1617 2588 externus
1646 2532 1815 2586 BAH
1844 2541 1899 2587 et
1926 2541 2010 2587 est
2047 2532 2307 2604 (propter

477 2628 983 2687 decimamtertiam
1027 2625 1227 2698 primi)
1280 2625 1370 2682 92.
1421 2625 1718 2696 graduum,
1766 2642 1895 2679 cum
1938 2624 2179 2694 angulus
2225 2624 2307 2679 in-

468 2722 653 2785 terior
686 2720 844 2776 BAP
877 2718 1093 2790 positus
1127 2717 1199 2773 sit
1232 2716 1320 2772 88.
1359 2717 1669 2788 graduum;
1703 2733 1767 2770 ac
1800 2732 2043 2780 rursum,
2079 2724 2308 2786 propter
