2456 4016
447 331 550 387 sub
581 332 780 386 eodem
812 330 1049 387 immoto
1081 340 1373 403 segmento
1405 331 1518 387 AX
1551 342 1828 404 congruat
1858 333 2083 388 cuidam
2114 332 2274 388 alteri

448 422 629 487 AXC,
662 423 719 476 in
750 441 861 493 qua
889 423 1158 478 nimirum
1188 423 1538 479 continuatio
1568 424 1689 494 ipsa
1719 424 1884 480 AXC
1912 442 2110 479 versus
2140 425 2276 480 dex-

447 522 628 569 teram
668 513 866 568 similis
903 515 1068 584 plane
1107 514 1195 578 sit,
1237 524 1334 569 aut
1374 515 1622 585 aequalis
1661 515 2071 570 continuationi
2111 515 2275 569 AXB

448 623 644 660 versus
670 605 905 670 laevam,
933 624 998 660 ac
1022 624 1248 660 rursum
1273 606 1622 661 continuatio
1648 606 1813 662 AXC
1837 624 2033 661 versus
2059 607 2276 662 laevam

448 696 646 750 similis
683 697 847 766 plane
883 697 971 761 sit,
1011 706 1108 751 aut
1144 697 1393 766 aequalis
1431 698 1840 752 continuationi
1879 697 2043 751 AXB
2081 716 2277 752 versus

449 788 757 842 dexteram.
2276 778 2279 780 ⁵

565 879 676 933 His
709 879 1017 934 stantibus:
1051 879 1097 934 si
1128 881 1199 934 ad
1231 880 1471 950 quodvis
1503 889 1773 950 punctum
1805 883 1869 935 M
1903 889 2190 950 sumptum
2221 880 2278 934 in

448 988 515 1025 eo
545 989 679 1025 arcu
709 971 807 1026 BC
836 971 1113 1041 jungatur
1142 971 1298 1037 XM;
1327 972 1416 1026 vel
1445 972 1794 1027 continuatio
1825 971 2008 1026 AXM
2038 972 2144 1027 erit
2178 969 2272 1023 [78]

450 1060 553 1116 sibi
593 1061 696 1132 ipsi
736 1062 899 1131 plane
938 1062 1246 1116 uniformis
1287 1064 1458 1117 relate
1497 1065 1568 1118 ad
1608 1064 1843 1127 laevam,
1885 1082 1949 1117 ac
1988 1064 2280 1118 dexteram

448 1162 666 1223 partem
696 1154 870 1222 ipsius
901 1153 1043 1219 AX;
1070 1155 1159 1208 vel
1187 1173 1316 1208 non.
1392 1155 1451 1210 Si
1481 1155 1756 1224 primum;
1786 1155 2184 1210 demonstrabo
2214 1156 2281 1210 de

450 1244 557 1299 ista
591 1244 793 1309 AXM,
828 1246 980 1314 quod
1013 1246 1205 1300 statim
1238 1246 1728 1301 demonstraturus
1763 1264 1888 1301 sum
1922 1247 1990 1301 de
2024 1246 2118 1301 illa
2151 1265 2282 1301 con-

449 1335 669 1390 tinuata
711 1335 900 1391 AXD.
990 1336 1051 1392 Si
1095 1338 1420 1401 secundum,
1467 1357 1603 1408 ergo
1648 1338 1934 1407 praedicta
1977 1337 2160 1392 AXM
2205 1338 2282 1393 ita

451 1427 885 1483 rursum'locari
920 1428 1127 1498 poterit
1163 1428 1220 1482 in
1255 1430 1455 1483 eodem
1489 1429 1673 1499 planO,
1712 1438 1774 1484 ut
1809 1430 1912 1484 sub
1947 1430 2146 1484 eodem
2181 1429 2284 1483 im-

450 1527 608 1574 moto
640 1528 933 1590 segmento
965 1519 1079 1573 AX
1112 1529 1388 1591 congruat
1419 1520 1644 1575 cuidam
1676 1520 1835 1575 alteri
1870 1520 2051 1584 AXF,
2085 1520 2143 1575 in
2174 1539 2283 1591 qua

451 1609 721 1665 nimirum
759 1611 1109 1666 continuatio
1150 1611 1271 1681 ipsa
1311 1611 1476 1666 AXF
1513 1630 1711 1666 versus
1753 1612 2046 1666 dexteram
2086 1612 2284 1666 similis

451 1701 615 1771 plane
644 1702 731 1765 sit,
762 1711 860 1757 aut
888 1702 1136 1772 aequalis
1166 1703 1576 1758 continuationi
1607 1703 1790 1757 AXM
1821 1722 2017 1758 versus
2047 1704 2282 1767 laevam,

452 1811 516 1847 ac
552 1811 779 1848 rursum
814 1793 1165 1849 continuatio
1201 1794 1367 1848 AXF
1402 1813 1599 1849 versus
1635 1795 1854 1849 laevam
1889 1794 2086 1849 similis
2123 1796 2285 1865 plane

453 1884 540 1948 sit,
591 1893 688 1939 aut
735 1886 984 1955 aequalis
1032 1886 1443 1941 continuationi
1494 1886 1677 1941 AXM
1727 1905 1924 1941 versus
1974 1888 2280 1941 dexteram.

455 1976 655 2041 PorrO,
686 1995 815 2031 cum
843 1985 1114 2047 punctum
1144 1978 1208 2031 M
1239 1978 1477 2047 supponi
1508 1978 1686 2047 possit
1713 1977 1951 2033 vicinius
1981 1987 2188 2048 puncto
2219 1979 2282 2042 B,

453 2086 624 2137 quam
646 2077 918 2138 punctum
945 2069 1007 2133 C,
1034 2087 1149 2123 non
1174 2070 1335 2123 cadet
1360 2079 1630 2138 punctum
1655 2071 1702 2124 F
1727 2070 1784 2123 in
1809 2069 1992 2139 ipsum
2017 2079 2285 2140 punctum

455 2160 502 2215 C
518 2178 530 2225 ;
559 2159 691 2229 quia
720 2159 798 2214 sic
826 2160 1176 2215 continuatio
1208 2160 1392 2215 AXM
1421 2179 1618 2216 versus
1648 2160 1867 2215 laevam
1897 2161 2093 2215 similis
2123 2161 2286 2231 plane

457 2251 625 2316 foret,
661 2260 759 2306 aut
792 2251 1041 2321 aequalis
1075 2252 1486 2307 continuationi
1520 2251 1702 2316 AXF,
1740 2252 1858 2307 sive
1892 2252 2056 2308 AXC
2088 2271 2286 2308 versus

455 2343 765 2407 dexteram,
806 2361 870 2397 ac
906 2352 1204 2413 propterea
1240 2343 1438 2397 similis
1473 2343 1653 2413 plane,
1692 2352 1790 2398 aut
1825 2343 2073 2414 aequalis
2110 2343 2287 2399 conti·-

455 2433 711 2488 nuationi
739 2433 904 2488 AXB
931 2452 1129 2489 versus
1157 2434 1392 2498 laevam,
1422 2435 1575 2504 quod
1601 2443 1686 2490 est
1712 2435 2036 2500 absurdum,
2068 2454 2196 2491 cum
2224 2435 2287 2489 il-

455 2525 540 2579 lae
584 2526 728 2580 duae
773 2526 916 2590 XM,
963 2525 1087 2589 XB,
1133 2543 1247 2579 non
1292 2525 1395 2580 sibi
1441 2526 1682 2580 invicem
1725 2536 2042 2597 congruant
2085 2527 2143 2581 in
2187 2546 2287 2582 sua

455 2616 552 2671 tali
584 2616 878 2686 positione.
958 2618 1071 2672 Sed
1104 2635 1284 2686 neque
1316 2617 1487 2671 etiam
1520 2617 1724 2672 existet
1756 2627 2026 2688 punctum
2060 2620 2108 2673 F
2140 2619 2286 2674 ultra

456 2717 727 2778 punctum
756 2708 802 2764 C
830 2707 887 2762 in
916 2727 982 2763 eo
1011 2727 1145 2763 arcu
1173 2709 1272 2764 BC
1299 2708 1533 2763 ulterius
1562 2710 1839 2778 producto
1856 2728 1868 2775 ;
1897 2710 2028 2780 quia
2058 2710 2136 2765 sic
2164 2710 2287 2766 uni-

461 2799 634 2854 formi
690 2799 987 2854 ratiocinio
1039 2801 1384 2864 ostendetur,
1439 2809 1637 2855 contra
1706 2800 2080 2871 hypothesim,
2136 2802 2286 2872 quod

457 2890 628 2946 etiarn
656 2900 926 2961 punctum
957 2892 1022 2945 M
1053 2891 1279 2946 deberet
1307 2891 1549 2946 existere
1579 2892 1637 2946 in
1666 2911 1732 2947 eo
1761 2911 1895 2947 arcu
1925 2893 2022 2949 CB
2051 2892 2287 2948 ulterius

457 2983 750 3052 productO,
781 2983 925 3037 adeo
953 2991 1015 3037 ut
1043 2982 1312 3037 nimirum
1343 2982 1464 3052 ipsa
1492 2983 1618 3037 XM
1649 2983 1926 3039 divideret
1952 3002 2149 3039 versus
2178 2984 2288 3039 lae-

458 3092 589 3129 vam
620 3093 749 3129 eum
781 3074 1225 3144 qualemcunque
1257 3074 1528 3145 angulum
1561 3074 1744 3139 AXB,
1779 3084 1947 3145 prout
1979 3075 2087 3130 XF
2118 3093 2288 3146 pone-

459 3174 615 3221 retur
645 3164 898 3220 dividere
926 3171 1124 3220 versus
1156 3166 1450 3220 dexteram
1481 3184 1609 3221 eum
1639 3165 2081 3236 qualemcunque
2112 3185 2285 3238 angu-

458 3256 576 3312 lum
609 3256 805 3313 AXC:
840 3256 1100 3322 Deberet,
1138 3255 1385 3327 inquam,
1422 3256 1501 3311 sic
1534 3256 1792 3321 existere,
1828 3258 1901 3312 ad
1933 3276 2062 3313 eum
2095 3257 2285 3328 utique

1340 3548 1408 3583 188
