2456 4016
415 309 629 355 rectum
663 299 721 354 in
754 301 835 370 T)
879 299 1069 371 major
1102 299 1222 370 ipsa
1255 300 1374 365 LT,
1411 311 1465 355 et
1498 302 1633 355 haec
1677 302 1939 371 (propter
1971 303 2240 373 angulum

414 400 628 446 rectum
660 391 717 445 in
749 391 834 462 Q)
874 391 1065 461 major
1095 392 1272 447 altera
1303 393 1426 463 QT.
1501 392 1683 463 Igitur
1714 394 1813 447 LF
1842 393 2022 448 multo
2052 393 2242 464 major

412 482 518 537 erit
552 481 672 552 ipsa
706 482 830 554 QT.
909 483 1063 537 Hinc
1097 492 1315 549 autem;
1351 483 1397 537 si
1433 483 1490 537 in
1525 484 1633 555 QT
1666 493 1952 554 protracta
1986 494 2241 540 sumatur

412 573 526 644 QK
550 573 798 643 aequalis
826 574 930 644 ipsi
955 575 1054 628 LF
1070 594 1082 640 ;
1108 583 1378 644 punctum
1405 575 1461 628 K
1497 576 1601 646 (ex
1627 576 1714 631 34.
1743 575 1949 646 hujus)
1985 577 2057 630 ad
2084 595 2242 646 prae-

412 674 626 719 sentem
657 684 889 720 curvam
920 665 1205 735 spectabit,
1238 667 1509 736 cadetque
1540 666 1748 721 idcirco
1779 676 2048 737 punctum
2078 669 2128 723 T
2160 668 2241 721 in-

409 766 499 811 tra
527 757 827 811 cavitatem
857 757 1116 826 ejusdem
1145 776 1365 811 curvae.
1439 757 1572 812 Non
1603 777 1740 829 ergo
1770 768 1920 813 recta
1950 760 2066 823 FT,
2100 777 2240 829 quae

412 858 562 903 secat
597 850 737 903 duas
775 858 953 903 rectas
992 849 1122 919 QK,
1162 858 1216 903 et
1251 849 1353 903 LT
1391 849 1448 903 in
1485 851 1551 913 T,
1591 849 1913 919 promoveri
1951 859 2133 920 potest
2169 852 2239 905 ad

410 941 709 994 secandam
751 949 1093 1009 protractam
1135 940 1230 995 LS
1272 940 1326 994 in
1370 950 1576 1010 puncto
1618 941 1688 1005 X,
1732 941 2038 997 constituto
2080 951 2240 996 extra

410 1031 710 1086 cavitatem
741 1031 1051 1100 praesentis
1085 1050 1305 1095 curvae,
1342 1032 1448 1085 nisi
1483 1032 1637 1102 prius
1672 1032 1792 1102 ipsa
1823 1042 2107 1103 protracta
2140 1035 2240 1088 FT

410 1131 555 1177 secet
587 1123 643 1176 in
675 1123 864 1192 aliquo
896 1132 1103 1192 puncto
1136 1124 1188 1179 O
1221 1123 1539 1193 portionem
1571 1123 1829 1193 ejusdem
1860 1143 2064 1179 curvae
2098 1125 2241 1180 inter

409 1223 615 1284 puncta
647 1215 703 1278 S,
734 1224 787 1269 et
816 1215 872 1268 K
906 1211 1000 1265 [90]
1035 1214 1415 1270 constitutam.
1488 1215 1617 1270 Hoc
1647 1224 1835 1271 autern
1863 1225 1983 1271 erat
2011 1218 2241 1271 demon-

410 1307 721 1361 strandum.

1076 1485 1573 1531 COROLLARIUM.

524 1592 714 1663 Atque
757 1592 886 1647 hinc
927 1593 1233 1649 manifeste
1276 1593 1465 1663 liquet,
1512 1595 1656 1649 inter
1700 1604 2025 1665 tangentem
2067 1594 2239 1665 hujus

408 1702 629 1749 curvae,
669 1694 723 1739 et
758 1684 939 1754 ipsam
975 1703 1205 1740 curvam
1244 1685 1415 1740 locari
1454 1705 1566 1740 non
1605 1704 1767 1756 posse
1804 1687 2088 1756 quandam
2126 1705 2240 1741 rec-

407 1785 540 1840 tam,
575 1794 717 1846 quae
750 1785 869 1831 tota
902 1778 974 1831 ad
1007 1779 1165 1841 hane,
1202 1777 1287 1831 vel
1324 1777 1477 1831 illam
1510 1778 1793 1848 tangentis
1828 1788 2045 1847 partem
2078 1788 2238 1833 extra

407 1886 612 1922 curvae
655 1868 956 1923 cavitatem
1000 1870 1193 1934 cadat;
1238 1869 1697 1939 quandoquidem
1742 1879 1891 1924 recta
1936 1869 2014 1924 sic
2059 1870 2237 1924 locata

407 1960 623 2014 efficere
654 1960 817 2015 debet
857 1960 961 2029 (ex
990 1960 1389 2030 praecedente)
1429 1961 1700 2031 angulum
1730 1970 1956 2016 acutum
1987 1980 2114 2016 cum
2146 1962 2238 2015 de—

405 2050 578 2106 missa
617 2071 689 2106 ex
725 2061 933 2122 puncto
972 2061 1262 2107 contactus
1303 2053 1374 2107 ad
1415 2052 1857 2122 contrapositam
1897 2053 2076 2107 basim
2115 2071 2237 2123 per-

406 2143 768 2213 pendiculari.

976 2321 1378 2369 PROPOSITIO
1415 2322 1668 2369 XXXVII.

405 2427 597 2483 Curva
627 2429 674 2484 C
675 2429 808 2495 ΚΒ,
841 2449 912 2484 ex
943 2431 1241 2501 hypothesi
1269 2431 1463 2500 cmpuli
1493 2431 1642 2486 acuti
1672 2450 1954 2496 enascem,
1988 2430 2236 2502 aequalis

559 2538 679 2575 esse
711 2521 938 2576 deberet
970 2521 1383 2591 contrapositae
1419 2522 1538 2577 basi
1568 2522 1691 2577 ΑΒ.

519 2639 669 2694 Ante
695 2640 1233 2695 demonstrationem
1262 2642 1561 2710 praemitto
1588 2660 1824 2712 sequens
1851 2642 2091 2697 axioma.

522 2730 582 2787 Si
611 2732 755 2786 duae
781 2731 959 2787 lineae
987 2732 1257 2787 bifariam
1285 2733 1628 2797 dividantur,
1657 2743 1778 2789 tum
1807 2753 2000 2789 earum
2027 2734 2234 2789 medie-

402 2831 561 2887 tateS,
597 2842 660 2877 ac
694 2842 919 2878 rursum
953 2825 1295 2893 quadrantes
1327 2824 1613 2889 bifariam,
1649 2834 1815 2895 atque
1848 2825 1927 2881 ita
1959 2826 2026 2884 in,
2049 2825 2234 2879 infini-

401 2923 523 2969 tum
559 2914 927 2970 uniformiter
964 2918 1330 2985 procedatur,
1368 2926 1520 2971 certo
1558 2926 1893 2986 argumento
1930 2917 2052 2981 erit,
2093 2919 2233 2972 duas

403 3005 538 3061 istas
565 3006 740 3061 lineas
770 3026 889 3062 esse
918 3007 1063 3062 inter
1091 3026 1149 3062 se
1178 3008 1454 3077 aequaleS,
1486 3008 1705 3077 quoties
1735 3008 1792 3062 in
1820 3009 1926 3063 ista
1955 3009 2231 3064 uniformi

400 3097 457 3151 in
489 3097 773 3154 infinitum
804 3098 1082 3154 divisione
1112 3098 1506 3169 comperiatur,
1541 3117 1638 3155 seu
1669 3100 2102 3164 demonstretur,
2137 3101 2230 3155 de-
