2456 4016
410 280 516 351 (ex
552 279 749 351 quinta
785 280 986 350 primi)
1033 280 1244 351 angulo
1283 280 1475 344 DFM,
1517 289 1685 351 atque
1723 281 1850 337 ideo
1887 280 2078 351 major
2125 281 2229 352 (ex

399 380 602 427 octava
634 370 808 442 hujus
841 371 900 426 in
932 370 1230 442 hypothesi
1264 370 1457 442 anguli
1490 371 1708 443 obtusi)
1750 371 1960 443 angulo
1992 380 2228 427 externo

401 461 599 527 XAH,
634 462 754 518 sive
787 461 914 533 ejus
949 463 1021 518 ad
1055 461 1324 517 verticem
1359 461 1530 519 CAF.
1606 463 1799 534 Quare
1843 463 2004 534 (cum
2037 462 2228 535 anguli

402 553 594 619 CAM,
625 553 803 609 FMA
830 562 1114 624 ponantur
1140 553 1401 623 aequales
1429 562 1623 624 utpote
1651 553 1818 625 recti)
1857 553 2104 624 reliquus
2132 573 2230 610 an-

400 645 567 717 gulus
595 644 780 701 DMA
805 644 995 700 minor
1022 645 1174 700 foret
1201 644 1417 715 reliquo
1443 645 1652 716 angulo
1680 644 1879 700 DAM.
1949 645 2120 716 Quod
2146 654 2231 702 est

400 736 711 793 absurdum
746 745 945 793 contra
979 736 1236 807 quintam
1272 735 1456 806 primi,
1497 736 1543 791 si
1581 755 1780 806 nempe
1819 737 1943 792 DM
1982 736 2229 807 aequalis

401 828 474 883 sit
509 827 613 898 ipsi
649 828 771 893 DF,
807 827 925 884 sive
960 827 1087 883 DA.

521 920 634 976 Sed
672 938 853 990 neque
890 919 1012 989 ipsa
1051 920 1176 974 DM
1214 918 1403 974 minor
1441 928 1525 974 est
1562 919 1739 974 altera
1779 920 1900 983 DF,
1942 918 2060 975 sive
2100 918 2226 974 DA.

402 1011 705 1067 Caeterum
743 1011 848 1081 (ex
877 1010 1297 1066 decimaoctava
1325 1010 1525 1081 primi)
1565 1011 1805 1082 angulus
1838 1011 2014 1066 DMF
2042 1010 2232 1082 major

406 1102 558 1158 foret
592 1102 803 1174 angulo
838 1103 1032 1166 DFM,
1069 1110 1238 1172 atque
1270 1102 1399 1158 ideo
1443 1102 1533 1172 (in
1568 1103 1672 1157 hac
1706 1101 2003 1173 hypothesi
2039 1102 2229 1174 anguli

401 1193 620 1264 obtusi)
662 1194 845 1250 multo
876 1193 1068 1264 major
1101 1193 1312 1266 angulo
1343 1202 1582 1250 externo
1615 1193 1812 1258 XAH,
1849 1193 1968 1249 sive
1999 1193 2127 1264 ejus
2160 1195 2232 1250 ad

402 1285 671 1341 verticem
705 1285 883 1342 CAD.
958 1286 1153 1357 Quare
1185 1303 1428 1349 rursum,
1461 1294 1524 1341 ut
1556 1303 1742 1356 supra,
1778 1284 2024 1355 reliquus
2057 1305 2233 1357 angu-

403 1376 489 1432 lus
521 1376 706 1432 DMA
731 1377 913 1433 multo
940 1376 1130 1431 minor
1162 1377 1314 1432 foret
1345 1376 1562 1446 reliquo
1590 1376 1802 1447 angulo
1831 1376 2029 1431 DAM.
2103 1378 2233 1432 Hoc

403 1477 593 1523 autem
643 1468 953 1524 absurdum
1005 1477 1105 1532 est,
1159 1476 1357 1523 contra
1406 1469 1645 1524 eandem
1696 1467 2231 1523 decimamoctavam

402 1559 586 1629 primi,
621 1559 668 1614 si
701 1578 902 1630 nempe
934 1561 1059 1615 DM
1090 1559 1281 1616 minor
1312 1559 1385 1615 sit
1416 1559 1537 1629 ipsa
1570 1560 1692 1624 DF,
1729 1558 1847 1615 sive
1880 1558 2008 1614 DA.

519 1650 721 1707 Restat
753 1650 943 1722 igitur,
981 1660 1042 1707 ut
1076 1650 1275 1723 juncta
1310 1652 1434 1706 DM
1468 1650 1660 1721 major
1693 1651 1766 1706 sit
1800 1651 1922 1721 ipsa
1957 1652 2078 1715 DF,
2117 1651 2232 1706 sive

404 1742 533 1807 DA,
576 1751 744 1814 atque
783 1743 911 1798 ideo
960 1743 1065 1814 (ex
1104 1741 1322 1798 decima
1361 1741 1568 1813 hujus)
1616 1742 1738 1812 ipsa
1776 1743 1894 1797 ΒΜ
1932 1742 2124 1814 major
2163 1742 2234 1798 sit

403 1835 581 1890 altera
613 1834 734 1889 AB.
810 1834 981 1906 Quod
1013 1843 1135 1890 erat
1166 1835 1273 1889 hoc
1306 1834 1430 1890 loco
1463 1834 1756 1890 intentum.

520 1925 809 1998 Quoniam
855 1925 1044 1998 igitur,
1094 1935 1384 1996 assumpto
1431 1925 1488 1980 in
1534 1925 1647 1980 AD
1692 1926 2020 1982 continuata
2064 1927 2234 1982 inter-

404 2018 554 2073 vallo
598 2017 705 2074 AF
750 2017 923 2088 duplo
969 2016 1249 2073 intervalli
1297 2017 1426 2082 AD,
1475 2017 1951 2089 perpendicularis
1997 2019 2115 2074 FM
2162 2019 2234 2074 ad

404 2109 720 2181 subjectam
761 2109 869 2165 ΑΡ
911 2108 1158 2165 demissa
1198 2109 1323 2179 plus
1368 2108 1541 2179 duplo
1583 2128 1656 2165 ex
1698 2110 1896 2165 eadem
1939 2110 2231 2174 abscindit,

404 2220 574 2271 quam
603 2200 968 2257 abscindatur
995 2220 1029 2256 a
1057 2200 1505 2271 perpendiculari
1536 2200 1780 2257 demissa
1809 2219 1882 2256 ex
1912 2210 2121 2271 puncto
2151 2203 2235 2266 D;

410 2290 507 2345 [16]
544 2292 726 2349 multo
756 2292 921 2349 citius
954 2291 1012 2347 in
1043 2294 1148 2348 hac
1180 2292 1477 2363 hypothesi
1510 2292 1702 2364 anguli
1736 2292 1938 2357 obtusi,
1975 2311 2145 2363 quam
2177 2293 2233 2347 in

405 2384 696 2455 superiore
739 2383 1036 2456 hypothesi
1083 2383 1275 2455 anguli
1322 2383 1475 2448 recti,
1524 2383 1852 2440 devenietur
1897 2385 1969 2439 ad
2014 2393 2234 2440 tantum

405 2476 782 2540 intervallum,
835 2495 908 2531 ex
959 2494 1071 2546 quo
1121 2475 1598 2546 perpendicularis
1650 2475 1894 2531 demissa
1945 2476 2235 2532 abscindat

407 2567 586 2623 basim
636 2566 920 2639 majorem
972 2566 1094 2637 ipsa
1143 2566 1489 2637 quantalibet
1541 2565 1837 2639 designata
1889 2566 2009 2622 ΑΡ.
2105 2569 2233 2622 Hoc

406 2668 611 2723 autem,
655 2668 718 2715 ut
761 2659 818 2714 in
862 2658 1151 2729 superiore
1195 2657 1609 2729 propositione,
1655 2658 1981 2730 contingere
2024 2659 2232 2730 nequit,

407 2751 515 2806 nisi
554 2760 682 2822 post
718 2769 1015 2807 occursum
1054 2749 1412 2806 continuatae
1452 2749 1565 2804 AD
1604 2751 1662 2805 in
1700 2749 1929 2821 aliquod
1967 2760 2233 2821 punctum

408 2843 583 2914 ipsius
617 2843 745 2909 PL;
778 2851 832 2898 et
864 2842 1091 2913 quidem
1124 2843 1196 2897 ad
1230 2841 1463 2905 finitam,
1501 2859 1598 2897 seu
1631 2840 1992 2897 terminatam
2025 2842 2235 2898 distan2

408 2934 560 2990 tiam.
634 2934 805 3006 Quod
837 2943 958 2989 erat
987 2942 1088 2990 etc.
