2456 4016
432 321 558 358 sum
593 302 742 358 idem
775 302 998 381 valebit,
1035 304 1080 359 si
1116 303 1264 359 idem
1299 299 1742 375 quadrilaterum
1776 306 2008 363 mistum
2042 308 2257 363 ANFC

434 394 651 449 utrovis
700 396 873 450 modo
922 396 1224 466 superponi
1295 396 1641 468 intelligatur
1688 398 1865 453 cuivis
1917 399 2260 475 reliquorum

434 486 948 555 quadrilaterorum
995 506 1172 557 usque
1222 489 1294 542 ad
1362 487 1547 558 ipsum
1596 489 1866 544 inclusive
1915 500 2260 560 postremum

434 578 880 646 quadrilaterum
913 578 1117 633 BDFI.
1192 579 1390 649 Itaque
1422 580 1661 650 angulus
1694 581 1868 651 ipsius
1902 581 2006 637 AC
2038 601 2165 637 cum
2197 601 2261 637 ea

434 687 607 723 curva
636 670 884 739 aequalis
916 679 998 725 est
1028 669 1263 740 singulis
1294 670 1422 725 hinc
1452 671 1581 726 inde
1611 673 1683 726 ad
1712 681 1918 742 puncta
1949 674 2012 737 F,
2045 673 2162 728 sive
2190 674 2262 728 ad

432 769 703 829 punctum
738 762 811 825 K,
849 770 945 816 aut
980 770 1249 831 punctum
1287 763 1356 826 D,
1395 762 1811 832 praedictarum
1844 764 2263 834 perpendicula-

435 851 582 906 rium
615 852 837 923 angulis
872 871 1000 907 cum
1034 854 1231 907 eadem
1265 872 1451 908 curva.

550 943 788 999 Constat
812 943 942 998 hinc
963 945 1212 1023 'secundo
1238 945 1496 1014 aequales
1521 945 1867 1001 adamussim
1892 947 2037 1001 inter
2060 965 2118 1002 se
2143 966 2262 1002 esse

433 1034 721 1104 portiones
770 1035 944 1105 ipsius
992 1036 1316 1091 curvaeab
1364 1036 1485 1091 istis
1533 1037 2086 1107 perpendicularibus
2134 1039 2263 1094 hinc

434 1125 563 1181 inde
592 1126 881 1181 abscissas.

553 1217 612 1274 Si
646 1237 782 1289 ergo
816 1218 963 1273 basis
997 1218 1102 1273 AB
1137 1219 1319 1274 divisa
1352 1219 1424 1275 sit
1456 1220 1727 1275 bifariam
1760 1220 1817 1275 in
1853 1223 1934 1285 M,
1970 1230 2024 1276 et
2056 1222 2264 1276 medie-

432 1318 519 1364 tas
547 1310 671 1364 AM
700 1309 971 1365 bifariam
1000 1311 1057 1365 in
1086 1309 1312 1377 L3'tum
1341 1313 1625 1381 quadrans
1652 1313 1772 1367 LM
1802 1313 2071 1368 bifariam
2100 1313 2158 1368 in
2188 1315 2263 1380 P;

433 1410 599 1472 atque
639 1401 717 1456 ita
754 1402 812 1456 in
850 1402 1149 1467 infinitum,
1190 1403 1546 1473 procedendo
1585 1422 1806 1474 semper
1842 1423 2039 1467 versus
2077 1414 2263 1475 partes

432 1493 622 1563 puncti
660 1494 725 1547 M
743 1513 755 1559 ;
789 1494 1068 1549 constabit
1101 1494 1286 1559 tertiO,
1324 1495 1494 1549 etiam
1527 1514 1759 1550 curvam
1795 1496 1960 1552 CKD
1994 1496 2263 1551 bifariam

434 1585 610 1640 dividi
649 1584 706 1639 in
744 1586 801 1640 K
837 1605 870 1640 a
906 1586 1353 1656 perpendiculari
1394 1588 1535 1651 MK,
1573 1587 1934 1642 medietatem
1973 1589 2080 1644 CK
2116 1588 2264 1643 bifa-

435 1676 578 1731 riam
607 1676 802 1732 itidem
832 1677 1008 1732 dividi
1040 1677 1097 1732 in
1127 1678 1174 1732 F
1204 1697 1237 1733 a
1266 1678 1713 1748 perpendiculari
1745 1680 1860 1743 LF,
1893 1681 2264 1749 quadrantem

435 1769 541 1823 FK
572 1768 843 1824 bifariam
875 1769 932 1823 in
964 1771 1011 1823 F
1042 1789 1076 1824 a
1105 1770 1552 1839 perpendiculari
1587 1772 1684 1824 PF
1701 1790 1713 1836 ;
1746 1779 1912 1840 atque
1944 1771 2022 1826 ita
2055 1771 2111 1825 in
2142 1770 2264 1825 infi-

432 1860 630 1925 nitum,
670 1862 1027 1930 procedendo
1066 1879 1286 1931 semper
1322 1862 1689 1917 uniformiter
1726 1881 1922 1918 versus
1959 1872 2146 1933 partes
2185 1863 2264 1933 ip-

434 1952 549 2007 sius
571 1952 763 2022 puncti
789 1953 860 2007 K.

550 2043 839 2115 Quoniam
869 2063 1006 2099 vero
1038 2044 1095 2098 in
1128 2044 1234 2099 ista
1265 2044 1414 2099 basis
1445 2044 1550 2098 AB
1584 2045 1640 2099 in
1673 2045 1955 2101 infinitum
1988 2046 2263 2101 divisione

440 2132 535 2187 [92]
586 2135 945 2191 considerare
988 2154 1288 2206 possumus
1334 2155 1452 2191 rem
1497 2137 1787 2192 devenisse
1831 2138 1903 2192 ad
1946 2137 2262 2207 portionem

433 2226 608 2297 ipsius
653 2227 757 2281 AB
803 2227 1020 2283 infinite
1064 2246 1315 2298 parvam,
1361 2246 1504 2298 quae
1548 2247 1746 2298 nempe
1790 2228 2122 2284 exhibeatur
2166 2248 2264 2299 per

432 2318 789 2374 latitudinem
816 2319 1032 2374 infinite
1058 2338 1294 2390 parvam
1319 2319 1795 2390 perpendicularis
1815 2321 1957 2384 MK,
1987 2320 2264 2376 constabit

433 2420 636 2481 quarto
677 2411 781 2481 (ex
809 2410 1120 2481 praemisso
1150 2410 1467 2482 axiomate)
1508 2410 1815 2481 aequalitas
1845 2411 2060 2467 intenta
2089 2411 2263 2467 totius

433 2502 580 2557 basis
613 2502 717 2556 AB
748 2521 875 2558 cum
905 2512 1026 2558 tota
1055 2522 1228 2557 curva
1258 2503 1440 2567 CKD,
1475 2504 1610 2558 dum
1641 2502 1778 2557 alias
1811 2504 2106 2558 ostendam
2137 2522 2265 2574 por-

433 2594 647 2649 tionem
684 2593 900 2649 infinite
937 2613 1173 2664 parvam
1210 2594 1514 2649 abscissam
1551 2613 1624 2649 ex
1660 2595 1779 2649 basi
1819 2595 1924 2648 AB
1962 2614 1995 2650 a
2032 2614 2264 2665 perpen-

434 2685 669 2741 diculari
713 2687 841 2741 ΜΚ
880 2685 1171 2756 aequalem
1212 2704 1332 2741 esse
1373 2686 1719 2741 adamussim
1760 2687 2005 2756 portioni
2049 2687 2264 2742 infinite

433 2796 656 2848 parvae,
700 2796 870 2848 quam
910 2778 1108 2832 eadem
1145 2777 1622 2847 perpendicularis
1664 2778 1941 2833 abscindit
1980 2798 2052 2833 ex
2092 2798 2262 2835 curva

435 2870 614 2926 CKD.
688 2871 762 2924 Et
792 2870 898 2923 hoc
928 2869 1155 2939 quidem
1184 2878 1533 2939 postremum
1563 2869 1642 2923 sic
1672 2871 2014 2925 demonstro,

551 2961 704 3016 Nam
752 2962 866 3015 RK
912 2960 1390 3031 perpendicularis
1439 2960 1543 3031 ipsi
1593 2962 1720 3016 KM
1768 2970 1962 3032 tanget
2021 2962 2124 3032 (ex
2172 2960 2259 3017 35.

434 3052 640 3123 hujus)
676 3071 908 3108 curvam
935 3053 993 3107 in
1021 3053 1093 3117 K,
1124 3061 1290 3122 atque
1318 3052 1394 3107 ita
1421 3053 1658 3107 eandem
1684 3061 1877 3123 tanget
1905 3053 1962 3107 in
1991 3054 2062 3117 Κ,
2093 3062 2154 3108 ut
2182 3053 2263 3107 in-

434 3153 520 3200 ter
547 3144 728 3214 ipsam
753 3152 1079 3215 tangentem
1118 3144 1222 3215 (ex
1251 3144 1380 3199 Cor.
1411 3152 1538 3213 post
1566 3143 1654 3198 36.
1686 3143 1891 3214 hujus)
1931 3153 1985 3199 et
2013 3162 2260 3210 curvam,

434 3255 507 3291 ex
528 3245 729 3291 neutra
752 3244 910 3308 parte
933 3235 1105 3291 locari
1130 3234 1307 3306 possit
1332 3243 1498 3299 recta,
1525 3253 1668 3305 quae
1693 3233 1871 3305 ipsam
1895 3253 2126 3291 curvam
2149 3254 2260 3291 non
