2456 4016
448 264 597 320 illius
628 265 1171 321 demonstrationem
1200 266 1453 337 aggressi
1485 276 1616 322 sunt
1645 285 1719 322 ex
1747 267 1815 323 iis
1846 267 1981 323 solis
2012 264 2278 338 Proposi-

448 356 696 412 tionibus
738 356 897 412 Libri
938 356 1106 428 primi
1150 357 1459 423 Euclidaei,
1505 376 1648 429 quae
1690 360 2034 430 praecedunt
2074 357 2279 430 vigesi-

447 465 601 502 mam
641 466 868 514 nonam,
912 449 986 504 ad
1027 467 1198 519 quam
1238 448 1449 504 scilicet
1489 449 1616 506 usui
1658 467 1778 505 esse
1820 449 2015 521 incipit
2055 458 2280 505 contro-

448 557 677 595 versum
710 539 1173 596 Pronunciatum.
1217 537 1291 592 [x]

566 631 680 687 Sed
712 649 968 698 rursum;
1000 631 1269 702 quoniam
1300 632 1665 703 antiquorum
1696 633 1755 688 in
1786 635 1932 689 hanc
1963 651 2083 688 rem
2112 650 2280 688 cona-

447 731 538 778 tus
577 722 685 778 visi
724 741 841 778 non
879 732 1010 779 sunt
1050 723 1399 779 adamussim
1439 742 1672 795 scopum
1712 724 2019 796 attingere3
2063 724 2280 780 facturn

447 814 659 870 idcirco
690 823 789 879 est,
820 823 884 870 ut
913 814 1077 870 multi
1108 814 1525 885 proximiorum
1555 824 1876 887 temporum
1907 815 2102 872 eximii
2135 817 2281 874 Geo-

447 914 677 970 metrae,
729 906 880 961 idem
928 924 1166 976 pensum
1215 907 1486 978 aggressi,
1538 907 1914 962 necessariam
1962 907 2281 963 censuerint

447 1015 656 1052 novam
684 999 970 1067 quandam
998 998 1397 1068 parallelarum
1425 998 1825 1054 definitionem.
1897 999 2096 1069 Itaque
2111 1018 2125 1065 ;
2152 1017 2280 1054 cum

449 1088 712 1143 Euclides
750 1089 1047 1158 parallelas
1087 1099 1266 1144 rectas
1305 1089 1479 1144 lineas
1518 1090 1764 1155 definiat,
1806 1109 1949 1161 quae
1985 1090 2047 1145 in
2083 1091 2279 1145 eodem

447 1180 614 1250 plano
651 1179 972 1246 existenteS,
1007 1181 1057 1235 si
1089 1180 1150 1235 in
1181 1190 1461 1251 utramque
1491 1190 1710 1252 partem
1744 1182 1805 1236 in
1834 1181 2118 1253 infinitum
2150 1191 2280 1252 pro-

447 1272 743 1337 ducantur,
788 1290 1077 1342 nunquam
1120 1273 1269 1328 inter
1309 1291 1371 1328 se
1411 1282 1608 1329 mutuo
1652 1272 1937 1341 ἰῆς-ἰότητα
1981 1273 2280 1344 postremis

447 1362 739 1433 expositae
771 1363 1114 1418 definitionis
1147 1364 1378 1419 vocibus
1410 1367 1511 1420 has
1542 1365 1680 1420 alias
1712 1365 2087 1421 substituunt:
2120 1365 2281 1421 Sem-

448 1462 548 1524 per
572 1453 722 1509 inter
747 1473 808 1509 se
836 1454 1244 1525 aequidistant;
1273 1457 1415 1511 adeo
1444 1466 1506 1512 ut
1534 1475 1734 1527 nempe
1764 1456 2019 1528 singulae
2048 1475 2281 1527 perpen-

448 1546 724 1601 diculares
753 1547 822 1602 ab
849 1566 964 1602 uno
991 1548 1240 1617 quolibet
1265 1548 1432 1603 unius
1460 1548 1685 1604 illarum
1712 1557 1920 1618 puncto
1946 1549 2018 1604 ad
2046 1549 2280 1604 alteram

448 1637 725 1693 demissae
758 1639 1018 1709 aequales
1051 1639 1197 1695 inter
1230 1658 1289 1694 se
1321 1640 1447 1694 sint.

563 1729 643 1784 At
674 1748 824 1785 nova
854 1749 1081 1785 rursum
1111 1731 1241 1785 hinc
1272 1732 1454 1786 oritur
1487 1732 1744 1787 scissura.
1822 1732 1974 1788 Nam
2004 1731 2192 1803 aliqui,
2227 1741 2280 1787 et

449 1820 485 1874 ii
524 1839 658 1876 sane
693 1822 990 1886 acutioreS‚
1030 1823 1420 1878 demonstrare
1457 1833 1736 1879 conantur
1770 1824 2065 1894 parallelas
2102 1833 2280 1878 rectas

448 1912 623 1967 lineas
655 1922 824 1983 prout
856 1914 935 1968 sic
966 1914 1243 1978 definitaS,
1279 1916 1429 1970 unde
1461 1915 1653 1985 utique
1686 1917 1928 1987 gradum
1963 1915 2177 1971 faciant
2208 1916 2280 1970 ad

447 2005 956 2060 demonstrandum
997 2007 1101 2061 sub
1141 2006 1276 2076 ipsis
1321 2007 1641 2062 Euclidaeis
1683 2007 1913 2062 vocibus
1955 2016 2281 2062 controver-

448 2114 574 2151 sum
622 2097 1086 2162 Pronunciatum,
1135 2098 1223 2153 cui
1270 2098 1539 2154 nimirum
1584 2099 1655 2154 ab
1699 2118 1765 2154 ea
1810 2099 2085 2170 vigesima
2130 2117 2280 2154 nona

448 2188 605 2242 Libri
633 2189 800 2258 primi
830 2189 1121 2244 Euclidaei
1162 2190 1446 2260 (pauculis
1475 2190 1812 2260 quibusdam
1840 2191 2119 2262 exceptis)
2157 2190 2281 2247 uni-

448 2298 613 2335 versa
652 2280 913 2336 innititur
955 2281 1294 2337 Geometria.
1378 2281 1494 2335 Alii
1536 2301 1673 2337 vero
1724 2283 1870 2353 (non
1911 2282 2031 2338 sine
2070 2300 2280 2353 magno

448 2371 506 2426 in
533 2371 777 2443 rigidam
803 2372 1076 2444 Logicam
1101 2373 1362 2443 peccato)
1399 2392 1493 2428 eas
1519 2374 1659 2428 tales
1688 2383 1867 2429 rectas
1895 2374 2070 2429 lineas
2098 2374 2280 2445 paral-

447 2463 599 2528 lelaS,
642 2464 913 2519 nimirum
952 2464 1410 2535 aequidistanteS,
1454 2474 1749 2521 assumunt
1788 2474 2060 2536 tanquam
2100 2467 2278 2530 dataS,

447 2564 509 2610 ut
543 2556 673 2610 inde
708 2557 950 2626 gradum
988 2556 1203 2611 faciant
1237 2557 1309 2611 ad
1345 2556 1559 2626 reliqua
1594 2559 2052 2613 demonstranda.

564 2648 640 2702 Et
676 2649 812 2702 haec
849 2648 1077 2718 quidem
1113 2648 1249 2703 satis
1286 2657 1417 2703 sunt
1452 2650 1525 2703 ad
1561 2650 2045 2719 praemonendum
2079 2650 2280 2705 Lecto-

449 2757 569 2793 rem
614 2757 783 2809 super
828 2739 912 2804 iis,
961 2758 1104 2810 quae
1148 2739 1447 2795 materiam
1493 2740 1837 2796 exhibebunt
1881 2741 2058 2797 Libro
2104 2741 2279 2812 priori

448 2831 621 2901 hujus
651 2831 762 2886 mei
795 2830 1100 2901 Opusculi:
1135 2832 1287 2886 Nam
1317 2831 1546 2886 uberior
1575 2832 1994 2902 praedictorum
2025 2832 2279 2889 omnium

448 2923 751 2992 explicatio
800 2922 1096 2978 habebitur
1145 2923 1202 2976 in
1255 2923 1496 2979 Scholiis
1546 2932 1673 2992 post
1724 2925 1893 2994 Prop.
1945 2924 2279 2995 vigesimam

447 3014 690 3084 primam
738 3014 1020 3069 enunciati
1067 3014 1243 3079 Libri,
1294 3033 1461 3084 quem
1509 3014 1761 3070 dividam
1810 3016 1868 3070 in
1916 3016 2057 3071 duas
2104 3016 2276 3071 veluti

448 3114 650 3175 partes,
733 3105 802 3160 In
842 3105 1030 3176 priore
1070 3105 1334 3160 imitabor
1373 3105 1720 3176 antiquiores
1761 3107 1887 3162 illos
1929 3108 2276 3171 GeometraS‚

448 3197 588 3251 nihil
639 3206 938 3268 propterea
988 3197 1260 3253 sollicitus
1310 3198 1380 3252 de
1430 3206 1650 3261 natura,
1704 3207 1803 3253 aut
1852 3199 2081 3254 nomine
2129 3198 2277 3254 illius

447 3288 644 3354 lineae,
693 3307 836 3360 quae
881 3289 1142 3345 omnibus
1189 3289 1305 3344 suis
1351 3288 1571 3360 punctis
1618 3308 1652 3344 a
1698 3290 1944 3359 quadam
1990 3290 2278 3361 supposita

450 3388 602 3436 recta
627 3380 775 3436 linea
801 3380 1166 3451 aequidistet:
1198 3381 1311 3437 Sed
1338 3380 1499 3436 unice
1525 3380 1584 3435 in
1611 3380 1669 3435 id
1695 3380 2031 3447 incumbam,
2060 3390 2123 3438 ut
2148 3399 2280 3437 con-

1354 3495 1377 3530 6
