2456 4016
406 307 781 362 manifestum
823 316 907 361 est
948 307 1162 362 nullam
1204 307 1335 362 hinc
1376 308 1533 377 sequi
1577 309 2052 379 redargutionem,
2097 327 2242 379 quae

407 406 706 468 propterea
737 397 901 453 unice
933 398 1152 468 impetit
1183 398 1521 469 hypothesin
1554 399 1746 470 anguli
1781 399 1945 454 acuti.

524 490 657 543 Hoc
699 498 889 566 tamen
934 489 1058 544 loco
1104 489 1306 559 aliquis
1353 490 1600 545 fortasse
1645 490 1907 560 inquiret,
1953 509 2053 545 cur
2098 492 2241 546 adeo

407 580 680 636 sollicitus
705 581 814 635 sim
838 581 896 635 in
922 581 1366 635 demonstranda
1390 581 1682 651 utriusque
1711 581 1890 636 falsae
1915 581 2241 652 hypothesis

409 680 609 726 exacta
653 672 1069 743 redargutione.
1153 671 1249 727 Ad
1291 690 1438 736 eum,
1483 671 1730 742 inquam,
1776 672 1962 737 finem,
2007 682 2071 728 ut
2112 673 2242 728 inde

407 763 590 834 magis
615 772 834 819 constet
857 781 973 817 non
997 762 1117 817 sine
1141 781 1311 818 causa
1335 772 1689 834 assumptum
1708 763 1887 819 fuisse
1911 765 1982 819 ab
2006 764 2244 820 Euclide

407 864 679 925 tanquam
715 873 816 925 per
853 873 913 910 se
948 863 1149 910 notum
1185 855 1400 910 celebre
1438 855 1577 910 illud
1615 855 1882 910 Axioma.
1963 855 2117 910 Nam
2153 855 2244 911 hic

408 946 657 1001 maxime
683 946 910 1001 videtur
937 964 1058 1000 esse
1084 946 1363 1016 cujusque
1389 946 1604 1016 primae
1631 946 1887 1001 veritatis
1913 946 2088 1002 veluti
2114 948 2245 1003 cha-

409 1046 608 1102 racter,
644 1047 707 1093 ut
740 1055 856 1092 non
891 1037 1000 1092 nisi
1035 1037 1318 1108 exquisita
1352 1037 1541 1108 aliqua
1576 1037 1993 1109 redargutione,
2031 1057 2104 1093 ex
2139 1057 2248 1095 suo

409 1129 584 1198 ipsius
615 1128 1074 1193 contradictoriO,
1108 1137 1400 1198 assumpto
1429 1137 1493 1185 ut
1521 1147 1675 1194 vero,
1709 1129 1804 1184 illa
1833 1129 1956 1199 ipsa
1986 1129 2090 1185 sibi
2119 1138 2246 1185 tan-

409 1221 539 1275 dem
569 1219 788 1275 restitui
819 1220 1012 1290 possit.
1085 1220 1276 1290 Atque
1304 1220 1384 1276 ita
1413 1239 1447 1275 a
1474 1220 1658 1291 prima
1687 1238 1865 1290 usque
1893 1230 2075 1276 aetate
2103 1220 2243 1276 mihi

411 1311 654 1366 feliciter
698 1311 1005 1382 contigisse
1049 1311 1198 1366 circa
1243 1329 1484 1366 examen
1529 1311 1843 1382 primarum
1889 1313 2245 1382 quarundam

409 1404 715 1458 veritatum
746 1403 1000 1473 profiteri
1032 1421 1281 1473 possum,
1315 1412 1484 1473 prout
1517 1412 1738 1458 constat
1768 1422 1841 1458 ex
1872 1422 1999 1459 mea
2030 1404 2245 1476 Logica

410 1494 872 1549 demonstrativa.

526 1585 667 1640 Inde
706 1594 897 1641 autem
930 1585 1175 1641 transire
1212 1603 1445 1657 possum
1483 1587 1556 1641 ad
1594 1585 2008 1656 explicandum,
2049 1605 2150 1642 cur
2187 1587 2246 1642 in

411 1677 679 1732 Proemio
714 1678 788 1732 ad
821 1678 1121 1732 Lectorem
1156 1677 1430 1733 dixerim:
1467 1695 1584 1732 non
1616 1677 1739 1733 sine
1770 1696 1981 1748 magno
2016 1677 2078 1733 in
2110 1677 2248 1748 riqi-

410 1769 542 1823 dam
571 1768 846 1839 Loyicam
873 1777 1102 1839 peccato
1134 1777 1454 1839 assumptas
1483 1788 1518 1824 a
1544 1769 1881 1840 quibusdam
1910 1768 2094 1841 fuisse
2126 1778 2248 1825 tan·

413 1878 579 1931 quam
617 1861 781 1915 datas
821 1857 944 1912 [100]
988 1861 1131 1916 duas
1164 1869 1348 1915 rectas
1383 1859 1560 1916 lineas
1595 1860 2050 1932 aequidistanteS.
2130 1861 2246 1918 Ubi

409 1970 642 2007 monere
673 1952 851 2008 debeo
882 1952 1101 2008 nullum
1132 1971 1331 2008 eorum
1362 1971 1396 2008 a
1425 1971 1517 2007 me
1549 1952 1639 2008 hic
1669 1952 1840 2023 carpi,
1875 1970 2017 2024 quos
2049 1952 2108 2008 in
2140 1955 2250 2008 hoe

409 2061 539 2099 meo
562 2043 740 2099 Libro
765 2044 855 2099 vel
882 2043 1153 2099 indirecte
1179 2043 1487 2109 nominavi,
1517 2043 1650 2115 quia
1675 2062 1808 2100 vere
1833 2062 2073 2116 magnos
2101 2045 2249 2103 Geo-

408 2144 637 2200 metraS,
655 2135 942 2206 hujusque
966 2135 1177 2206 peccati
1194 2135 1488 2191 verissime
1513 2135 1806 2191 immunes,
1856 2136 2002 2191 Dico
2026 2145 2247 2192 autem:

411 2245 684 2298 magnum
714 2227 777 2282 in
805 2226 1051 2297 riyidam
1081 2226 1357 2298 Loyicam
1387 2236 1709 2298 peccatum:
1742 2227 1878 2298 quid
1910 2227 2061 2283 enim
2092 2227 2248 2306 aliud

410 2327 495 2374 est
517 2337 806 2374 assumere
827 2327 1101 2389 tanquam
1117 2320 1278 2374 datas
1295 2319 1439 2374 duas
1462 2327 1646 2374 rectas
1668 2317 1846 2374 lineas
1868 2317 2249 2389 aequidistan-

412 2418 525 2465 tes:
549 2410 658 2465 nisi
683 2419 783 2466 aut
804 2410 977 2477 velle;
1000 2411 1153 2481 quod
1176 2409 1361 2466 omnis
1386 2410 1533 2466 linea
1557 2411 1615 2465 in
1640 2411 1841 2466 eodem
1864 2410 2033 2481 plano
2059 2410 2249 2481 aequi-

411 2501 628 2557 distans
655 2520 690 2557 a
714 2503 962 2572 quadam
987 2501 1279 2572 supposita
1304 2501 1452 2557 linea
1479 2511 1631 2557 recta
1657 2502 1730 2556 sit
1757 2502 1879 2572 ipsa
1902 2502 2075 2557 etiam
2100 2502 2248 2558 linea

413 2602 594 2660 recta3
631 2601 730 2649 aut
765 2593 966 2649 saltem
1002 2610 1334 2664 supponere,
1375 2594 1528 2663 quod
1564 2612 1679 2649 una
1716 2593 1905 2664 aliqua
1942 2594 2022 2649 sic
2058 2593 2249 2665 aequi·-

413 2684 630 2741 distans
657 2684 836 2755 possit
861 2703 983 2740 esse
1008 2684 1158 2740 linea
1184 2693 1351 2749 recta,
1382 2702 1553 2754 quam
1581 2684 1791 2740 idcirco
1819 2703 1918 2741 seu
1944 2703 2046 2756 per
2071 2686 2249 2757 hypo-

412 2776 614 2841 thesin,
668 2794 767 2832 seu
814 2794 916 2846 per
964 2775 1313 2846 postulatum
1361 2794 1721 2846 praesumere
1769 2776 1934 2832 liceat
1983 2775 2042 2832 in
2088 2785 2248 2833 tanta

413 2867 602 2938 aliqua
646 2867 814 2923 unius
860 2867 932 2923 ab
976 2867 1154 2923 altera
1200 2866 1507 2923 distantia?
1592 2867 1673 2923 At
1718 2876 1939 2924 constat
1983 2876 2248 2925 neutrum

413 2961 619 3015 horum
656 2958 938 3015 venditari
977 2976 1143 3029 posse
1180 2967 1453 3029 tanquam
1491 2977 1591 3029 per
1629 2977 1688 3014 se
1725 2968 1940 3015 notum.
2025 2958 2249 3017 Scilicet

415 3050 562 3106 ratio
600 3050 886 3121 objectiva
922 3050 1118 3115 lineae,
1161 3068 1304 3121 quae
1342 3050 1604 3106 omnibus
1644 3050 1760 3106 suis
1799 3050 2021 3122 punctis
2059 3050 2250 3122 aequi-

413 3141 583 3198 distet
618 3161 652 3197 a
689 3143 936 3213 quadam
973 3141 1264 3212 supposita
1301 3140 1449 3197 linea
1487 3149 1654 3206 recta,
1694 3141 1926 3197 nonita
1962 3142 2111 3198 clare
2148 3159 2249 3213 per
