2456 4016
457 342 688 413 stante)
729 342 947 412 possint
995 342 1122 397 illae
1170 342 1414 412 recipere
1462 360 1760 398 commune
1808 343 2281 413 perpendiculum.

458 435 620 489 Tunc
656 433 806 488 enim
843 433 969 489 illae
1006 435 1151 488 duae
1188 433 1319 498 AX,
1360 434 1483 498 ΒΧ,
1523 451 1743 505 semper
1777 434 1961 505 magis
1999 435 2071 490 ad
2109 452 2168 490 se
2195 434 2288 489 >in-

457 525 637 580 vicem
685 526 980 590 accedent;
1046 524 1317 580 nimirum
1363 525 1451 579 vel
1501 525 1649 581 intra
1696 527 1978 596 quendam
2027 525 2287 581 determi-

456 625 653 672 natum
684 616 936 680 limitem,
970 625 1139 686 prout
1169 616 1227 670 in
1258 616 1449 671 XXV.
1484 616 1657 686 hujus
1674 635 1687 683 ;
1717 617 1805 671 vel
1838 616 1957 671 sine
1988 617 2103 672 ullo
2134 626 2286 672 certo

456 707 649 772 limite,
679 727 743 763 ac
770 716 1068 778 propterea
1094 725 1271 777 usque
1299 709 1370 762 ad
1400 726 1696 763 occursum
1724 708 1922 763 saltem
1949 717 2076 778 post
2103 708 2286 763 infini-

455 809 573 854 tam
603 800 1050 869 productionem,
1083 808 1252 869 prout
1280 799 1337 853 in
1368 800 1472 854 hac
1502 799 1756 854 XXVII.
1831 799 2069 854 Constat
2100 809 2285 855 autem

458 891 514 945 in
552 900 792 961 utroque
827 890 1249 960 praedictorum
1285 909 1518 945 casuum
1555 900 1842 946 ostensam
1879 890 2000 960 jam
2036 909 2157 946 esse
2194 892 2288 946 de-

457 982 824 1038 structionem
854 981 1182 1052 hypothesis
1213 981 1404 1052 anguli
1437 981 1600 1037 acuti.
1674 982 1847 1053 Quod
1872 981 2283 1037 intendebatur.

1156 1160 1494 1207 SCHOLION
1527 1162 1590 1206 ΙΙ.

575 1269 764 1340 Atque
804 1270 862 1324 id
904 1288 1131 1326 rursum
1171 1278 1271 1334 est,
1314 1271 1466 1340 quod
1508 1269 1785 1340 spopondi
1826 1270 1883 1324 in
1924 1270 2034 1324 fine
2078 1269 2287 1326 Scholii

459 1361 561 1416 IV.
603 1370 730 1431 post
769 1361 932 1415 XXI.
974 1360 1165 1432 hujuS,
1206 1371 1374 1431 prout
1413 1381 1485 1416 ex
1523 1361 1658 1431 ipsis
1695 1360 1952 1416 terminis
1990 1361 2138 1416 clare
2175 1361 2288 1416 elu-

457 1453 639 1508 eescit.

1147 1633 1486 1679 SCHOLION
1515 1633 1604 1677 ΙΙΙ.

576 1756 879 1811 Praeterea
923 1756 1212 1811 observari
1259 1756 1349 1811 hic
1393 1756 1564 1811 velim
1609 1756 1912 1811 discrimen
1957 1756 2104 1811 inter
2148 1756 2290 1810 hanc

460 1848 695 1917 PropOS.
723 1857 777 1902 et
799 1848 1227 1918 praecedentem
1250 1847 1445 1903 XVII.
1514 1848 1667 1903 Nam
1691 1847 1766 1903 ibi
1800 1847 2014 1919 (recole
2037 1846 2128 1918 fig.
2158 1844 2281 1917 15.)

457 1948 686 1994 ostensa
701 1948 784 1994 est
802 1939 1110 1995 destructio
1134 1939 1462 2010 hypothesis
1487 1939 1679 2011 anguli
1705 1938 1871 2004 acuti,
1891 1938 1937 1993 si
1965 1938 2289 2009 (existente,

458 2040 521 2086 ut
561 2031 695 2086 libet
736 2050 929 2102 parva,
975 2040 1126 2086 recta
1168 2030 1307 2101 AB)
1359 2031 1543 2086 omnis
1587 2032 1694 2085 BD
1737 2031 1840 2087 sub
1882 2030 2082 2100 quovis
2125 2038 2290 2084 acuto

459 2123 668 2194 angulo
692 2124 909 2187 educta,
936 2141 1231 2178 occurrere
1254 2124 1485 2178 tandem
1509 2122 1708 2177 debeat
1731 2121 1789 2177 in
1812 2122 2059 2192 quodam
2083 2130 2291 2192 puncto

461 2216 517 2269 K
552 2214 657 2285 ipsi
693 2214 1141 2285 perpendiculari
1178 2214 1297 2270 AH
1334 2215 1655 2284 productae.
1734 2213 1848 2267 Hic
1882 2222 2070 2268 autern
2115 2212 2291 2284 (vice-

459 2305 655 2377 versa)
697 2306 1044 2377 permittitur
1074 2306 1303 2376 quidem
1335 2305 1653 2376 designatio
1685 2304 1939 2375 cujusvis
1972 2303 2290 2374 parvissimi

459 2397 607 2453 acuti
649 2397 841 2469 anguli
882 2398 955 2453 ad
995 2406 1266 2468 punctum
1306 2396 1377 2461 A,
1421 2398 1557 2452 dum
1596 2406 1786 2451 tamen
1827 2395 2125 2466 interjecta
2166 2395 2289 2459 AB,

459 2490 531 2544 ad
564 2508 735 2559 quam
767 2488 1037 2560 erigenda
1068 2498 1152 2544 est
1183 2488 1663 2559 perpendicularis
1696 2487 1989 2542 indefinita
2028 2484 2123 2538 [60]
2165 2487 2288 2551 ΒΧ,

461 2580 630 2636 statui
663 2580 841 2651 possit
873 2580 1253 2651 quantaelibet
1283 2579 1669 2651 longitudinis.

1043 2758 1447 2805 PROPOSITIO
1476 2759 1710 2805 XXVIII.

461 2882 528 2938 Si
555 2884 700 2938 duae
727 2891 912 2938 rectae
938 2882 1072 2949 AX,
1103 2882 1213 2936 EX
1252 2882 1523 2953 (quarum
1552 2880 1711 2952 prior
1736 2882 1839 2936 sub
1870 2882 2077 2952 auyulo
2108 2889 2290 2946 acut0,

616 2982 671 3029 et
705 2976 884 3030 altera
918 2976 992 3030 ad
1025 2972 1486 3044 perpendiculum
1524 2974 1757 3028 eductae
1791 2971 1906 3027 siut
1939 2990 2137 3028 versus
2173 2990 2290 3026 eas-

617 3066 744 3121 dem
778 3074 969 3136 partes
1003 3084 1075 3120 ex
1108 3063 1454 3136 quantalibet
1487 3073 1641 3119 recta
1672 3064 1813 3134 ΑΒ)
1855 3072 2078 3133 semper
2109 3061 2291 3133 maqis
