2456 4016
480 368 580 421 per
627 359 898 420 punctum
948 350 1003 405 X
1054 350 1112 405 in
1161 351 1361 405 eodem
1410 351 1579 422 plano
1629 350 1970 407 continuatis
2020 351 2203 416 AXB,
2254 359 2310 406 et

480 441 661 497 AXC.
731 443 883 497 Tum
910 451 1104 497 centro
1134 442 1206 507 X,
1238 452 1292 497 et
1321 441 1618 497 intervallo
1646 443 1770 507 XB,
1802 442 1919 497 sive
1949 442 2072 506 XC,
2104 441 2310 497 descri-

480 533 645 588 batur
675 551 838 588 arcus
871 533 1057 597 BMC,
1089 534 1161 588 ad
1192 533 1357 603 cujus
1389 534 1677 604 quodlibet
1706 542 1976 604 punctum
2009 535 2073 588 M
2106 533 2308 604 junga-

478 633 573 679 tur
598 644 669 679 ex
695 634 903 694 puncto
930 625 985 679 X
1014 633 1165 679 recta
1191 625 1333 679 XM.

597 715 742 771 Dico
786 716 988 786 prim0,
1037 715 1245 771 lineam
1293 715 1476 771 AXM
1528 717 1655 771 fore
1701 726 1756 771 et
1802 716 1999 786 ipsam,
2049 716 2107 770 in
2158 716 2309 771 facta

480 804 931 877 hy-[74]pothesi,
968 807 1175 862 lineam
1209 816 1436 871 rectam,
1473 826 1545 862 ex
1579 817 1786 877 puncto
1821 807 1877 861 A
1909 826 2007 877 per
2041 816 2309 877 punctum

481 898 535 952 X
575 900 977 954 continuatam.
1065 899 1124 955 Si
1167 899 1319 953 enim
1358 899 1505 954 linea
1545 899 1829 969 ejusmodi
1872 908 2023 953 recta
2063 917 2178 954 non
2219 898 2307 962 sit,

479 990 607 1045 duci
631 990 838 1061 poterit
873 990 978 1061 (ex
1004 990 1133 1046 Cor.
1155 990 1198 1044 I.
1220 990 1603 1060 praecedentis
1629 989 1972 1061 Lemmatis)
2008 991 2118 1045 alia
2144 1008 2312 1061 quae-

479 1083 611 1137 dam
637 1082 783 1136 linea
809 1081 951 1146 AM,
980 1100 1123 1152 quae
1148 1081 1269 1151 ipsa
1294 1082 1366 1136 sit
1393 1091 1557 1137 recta.
1590 1084 1751 1137 Haec
1776 1091 1965 1137 autem
1989 1082 2077 1137 vel
2105 1081 2311 1136 secabit

479 1173 537 1227 in
585 1174 775 1243 aliquo
821 1182 1031 1244 puncto
1080 1175 1137 1228 K
1185 1174 1515 1229 alterutram
1563 1174 1815 1244 ipsarum
1862 1174 1987 1238 XB,
2038 1173 2174 1239 XC3
2222 1173 2310 1229 vel

479 1267 787 1321 earundem
818 1266 1166 1329 alterutram,
1201 1274 1263 1320 ut
1293 1274 1428 1336 puta
1459 1284 1584 1320 eam
1616 1266 1723 1319 XB
1755 1265 1975 1320 claudet
2008 1265 2157 1320 intra
2187 1284 2311 1335 spa-

479 1358 622 1413 tium
646 1358 1116 1427 comprehensum
1140 1357 1276 1427 ipsis
1302 1357 1432 1422 AX,
1460 1358 1604 1421 XM,
1632 1366 1687 1412 et
1711 1356 1954 1411 APLM.
2004 1356 2083 1411 At
2107 1358 2311 1411 horum

479 1449 635 1519 prius
670 1449 977 1504 manifeste
1014 1457 1291 1520 repugnat
1326 1449 1680 1519 praecedenti
1716 1448 2028 1514 Lemmati;
2066 1448 2197 1519 quia
2233 1447 2313 1503 sic

480 1542 624 1596 duae
657 1540 979 1611 suppositae
1014 1549 1196 1596 rectae
1227 1540 1423 1605 lineae,
1457 1559 1571 1595 una
1602 1540 1792 1605 AXK,
1829 1548 1882 1595 et
1914 1540 2090 1595 altera
2123 1539 2308 1604 ATK,

480 1632 725 1702 spatium
761 1633 1100 1688 clauderent.
1183 1632 1474 1687 Posterius
1511 1641 1699 1687 autem
1736 1631 2045 1687 uniformis
2083 1631 2310 1687 absurdi

481 1723 672 1779 statim
704 1724 1072 1779 convincitur.

597 1816 749 1870 Nam
773 1825 995 1871 constat
1019 1825 1229 1870 rectam
1253 1816 1377 1879 XB,
1406 1816 1450 1870 si
1476 1835 1575 1886 per
1600 1816 1645 1869 B
1671 1815 1905 1871 ulterius
1931 1816 2309 1885 protrahatur,

480 1926 843 1963 occursuram
871 1908 1101 1962 tandem
1129 1907 1187 1961 in
1215 1908 1404 1977 aliquo
1433 1916 1642 1977 puncto
1667 1908 1717 1960 L
1745 1907 1850 1976 ipsi
1880 1906 2136 1972 APLM;
2164 1908 2312 1963 unde

481 2018 707 2055 rursum
731 2000 875 2055 duae
900 1999 1222 2069 suppositae
1248 2008 1447 2062 rectae,
1475 2018 1588 2054 una
1606 1998 1838 2062 AXBL,
1865 2007 1919 2054 et
1943 1999 2119 2054 altera
2136 1998 2308 2062 APL.
2389 1987 2395 1989 ⁴

481 2091 726 2162 spatium
767 2091 1043 2147 claudent.
1131 2092 1315 2146 Porro
1357 2091 1648 2146 uniforme
1691 2090 1944 2161 sequitur
1986 2090 2309 2153 absurdum,

482 2183 527 2238 si
574 2183 872 2255 fingamuS,
921 2184 1072 2253 quod
1120 2192 1270 2238 recta
1316 2183 1440 2246 XB,
1489 2182 1724 2238 ulterius
1770 2190 2056 2252 protracta
2101 2201 2199 2252 per
2245 2183 2309 2245 B,

481 2284 741 2330 occurrat
765 2275 996 2330 tandem
1023 2274 1079 2329 in
1107 2274 1307 2345 quovis
1335 2274 1446 2329 alio
1472 2282 1680 2344 puncto
1708 2282 1804 2328 aut
1832 2282 2013 2328 rectae
2043 2274 2186 2337 XM,
2216 2282 2312 2328 aut

483 2375 665 2422 rectae
699 2366 828 2421 XA.

598 2459 693 2512 Ex
735 2457 857 2513 istis
902 2467 1091 2513 autem
1135 2456 1425 2513 evidenter
1469 2457 1832 2527 consequitur
1875 2456 2082 2511 lineam
2129 2456 2311 2511 AXM

487 2550 612 2604 fore
646 2549 842 2619 ipsam,
881 2549 937 2603 in
975 2550 1127 2604 facta
1160 2548 1474 2619 hypothesi,
1512 2548 1719 2603 lineam
1755 2557 1965 2603 rectam
2000 2568 2072 2603 ex
2106 2557 2313 2618 puncto

483 2641 538 2695 A
566 2642 638 2696 ad
667 2649 937 2711 punctum
966 2642 1032 2696 M
1062 2641 1376 2695 deductam.
1449 2640 1621 2709 Quod
1650 2648 1771 2694 erat
1799 2640 2166 2710 propositum.

600 2733 745 2787 Dico
780 2733 1043 2796 secund0‚
1084 2751 1207 2786 eam
1245 2731 1594 2801 suppositam
1632 2740 1841 2785 rectam
1878 2731 2042 2785 AXB
2091 2731 2313 2802 (quate-

483 2843 589 2880 nus
632 2824 860 2894 quidem
901 2823 1249 2894 intelligatur
1289 2841 1624 2878 conservare
1668 2841 1828 2878 suam
1870 2822 2024 2877 illam
2067 2822 2312 2892 qualem-
