2456 4016
459 332 688 378 novum,
720 322 774 368 et
802 332 1015 369 novum
1044 314 1434 383 occupandum
1463 313 1648 368 locum
1678 321 2084 383 pertranseant,
2117 312 2290 383 ipsius

461 425 598 460 vero
641 406 872 459 ADDX
917 414 1123 475 puncta
1167 404 1358 459 omnia
1402 405 1572 459 etiam
1616 405 1950 459 intermedia
1993 404 2051 458 in
2093 405 2291 459 eodem

461 498 585 551 loco
628 498 945 567 persistant.
1034 497 1168 550 Non
1211 496 1386 567 igitur
1428 496 1548 550 fieri
1592 505 1790 566 potest,
1836 505 1898 550 ut
1940 497 2084 550 duae
2126 496 2291 565 juxta

461 589 828 658 praemissam
861 588 1291 658 intelligentiam
1323 596 1505 642 rectae
1537 588 1732 651 lineae,
1768 587 2012 656 spatium
2043 604 2292 656 compre-

461 681 725 735 hendant.
803 681 973 751 Quod
1008 688 1129 733 erat
1162 679 1530 749 propositum.
1575 675 1669 729 [72]

1100 844 1584 890 COROLLARIUM
1624 845 1658 888 Ι.

579 952 734 1007 Hinc
761 971 934 1021 porro
962 952 1215 1022 sequitur
1244 952 1466 1007 admitti
1495 962 1756 1022 oportere
1784 952 2130 1021 postulatum
2159 952 2294 1006 illud

464 1044 864 1099 Euclidaeum:
895 1046 1046 1114 quod
1075 1063 1109 1099 a
1135 1045 1267 1098 dato
1295 1053 1502 1114 puncto
1533 1045 1604 1099 ad
1632 1043 1921 1114 quodlibet
1948 1042 2295 1113 assiynatum

462 1144 732 1204 punctum
764 1144 974 1190 recta-m
1007 1134 1213 1190 lineam
1246 1137 1449 1191 ducere
1480 1135 1657 1190 liceat.
1735 1136 1887 1189 Nam
1918 1135 2066 1189 clare
2096 1134 2297 1189 intelli-

463 1227 645 1297 gitur,
664 1228 804 1282 duas
834 1246 1053 1297 semper
1080 1227 1199 1281 sine
1226 1228 1341 1282 ullo
1370 1237 1523 1282 certo
1552 1228 1727 1281 limite
1756 1227 1882 1281 duci
1913 1245 2076 1296 posse
2104 1226 2295 1289 lineaS‚

465 1318 765 1387 praedictis
799 1319 1019 1389 punctis
1053 1319 1122 1383 A,
1158 1328 1213 1374 et
1245 1319 1300 1372 X
1332 1319 1680 1382 terminataS,
1716 1337 1858 1388 quae
1891 1318 2183 1388 propiores
2216 1318 2299 1370 in-

464 1411 645 1464 vicem
695 1410 848 1474 fiant,
899 1410 1197 1480 minusque
1247 1410 1457 1465 idcirco
1508 1411 1753 1480 spatium
1802 1410 2296 1480 comprehendant,

465 1503 602 1557 dum
629 1502 839 1557 scilicet
864 1522 977 1557 una
1005 1503 1233 1572 quidem
1262 1503 1500 1557 ducatur
1529 1503 1600 1557 ad
1628 1503 1848 1556 laevam
1875 1510 2109 1571 partem,
2139 1509 2194 1555 et
2222 1501 2300 1555 al-

465 1603 587 1648 tera
624 1594 934 1649 uniformis
973 1595 1045 1649 ad
1085 1595 1396 1658 dexteram,
1439 1594 1556 1648 sive
1596 1612 1709 1648 una
1747 1611 1988 1657 sursum,
2031 1601 2086 1647 et
2125 1593 2300 1647 altera

467 1687 733 1740 deorsum
751 1705 762 1751 ;
794 1685 939 1750 duci,
972 1686 1220 1755 inquam,
1253 1704 1417 1755 posse
1447 1685 1622 1739 lineas
1652 1685 1937 1755 ejusmodi
1969 1703 2188 1753 semper
2218 1683 2301 1737 in-

465 1777 647 1831 vicem
672 1777 791 1831 sine
817 1778 932 1832 ullo
959 1786 1113 1832 certo
1139 1777 1315 1832 limite
1342 1777 1651 1847 propioreS,
1681 1795 1823 1846 quae
1849 1776 2041 1846 utique
2068 1775 2300 1830 omnino

466 1868 786 1924 uniformes
815 1869 962 1923 inter
988 1887 1045 1923 se
1074 1869 1201 1933 sint,
1233 1868 1448 1939 sibique
1476 1868 1717 1923 invicem
1743 1867 1953 1922 idcirco
1981 1868 2297 1931 succedant,

468 1961 605 2015 dum
636 1960 784 2015 circa
816 1961 1051 2015 immota
1081 1969 1336 2015 extrema
1367 1969 1574 2030 puncta
1606 1960 1675 2023 A,
1711 1968 1764 2014 et
1796 1960 1868 2023 X,
1903 1959 2115 2013 revolvi
2149 1958 2300 2028 ipsae

468 2051 870 2123 intelligantur.
948 2052 1088 2106 Inde
1123 2060 1312 2107 autem
1345 2051 1493 2106 clare
1528 2051 1723 2106 itidem
1758 2050 2105 2121 intelligitur,
2143 2049 2299 2119 sequi

467 2145 697 2199 tandem
728 2144 929 2198 debere
971 2144 1060 2214 (in
1092 2162 1312 2214 semper
1340 2143 1563 2213 majore
1594 2144 1796 2197 harum
1827 2142 2206 2197 uniformium
2236 2141 2301 2194 li-

467 2253 719 2299 nearum,
762 2235 929 2291 unius
971 2237 1043 2290 ad
1082 2235 1319 2290 alteram
1360 2234 1617 2303 accessu)
1668 2234 1971 2288 coitionem
2012 2233 2069 2287 in
2109 2251 2318 2296 unam,.

469 2328 815 2397 eandemque
846 2327 1051 2381 lineam
1083 2326 1272 2390 ADX,
1306 2345 1448 2396 quae
1479 2326 1626 2380 circa
1657 2326 1890 2379 immota
1921 2333 2176 2380 extrema
2207 2324 2300 2378 illa

468 2427 675 2488 puncta
703 2418 916 2473 revolvi
946 2427 1186 2488 nequeat
1215 2419 1286 2472 ad
1315 2418 1704 2487 occupandum
1733 2435 1945 2471 novum
1973 2416 2174 2471 locum.
2227 2416 2302 2470 Et

468 2511 604 2564 haec
636 2509 742 2564 erit
773 2509 920 2564 linea
953 2518 1104 2564 recta
1136 2509 1432 2579 postulata.

587 2601 701 2657 Ubi
739 2620 966 2656 rursum
999 2609 1219 2655 constat
1253 2600 1477 2655 unicam
1511 2619 1647 2663 esse,
1685 2618 1827 2669 quae
1861 2619 1893 2654 a
1928 2600 2061 2654 dato
2095 2607 2302 2669 puncto

470 2694 541 2748 ad
593 2693 879 2763 quodlibet
929 2692 1169 2747 alterum
1219 2691 1570 2762 assignatum
1620 2700 1890 2761 punctum
1939 2699 2123 2760 potest
2174 2688 2300 2744 duci

471 2785 617 2839 linea
654 2792 819 2839 recta.

1357 3537 1426 3577 176
