2456 4016
443 302 662 358 duobus
693 302 971 358 distinctis
1002 305 1222 374 punctis
1253 305 1323 369 A,
1356 314 1411 361 et
1442 306 1518 371 B;
1548 307 1594 360 si
1626 308 1897 363 educatur
1926 326 2123 363 versus
2153 327 2271 364 eas-

441 394 572 449 dem
600 403 788 464 partes
818 395 923 450 sub
951 396 1161 466 angulo
1191 396 1394 452 obtuso
1424 398 1721 468 quaepiam
1751 398 1869 463 AZ,
1901 408 2121 455 constat
2151 400 2271 456 nul-

441 485 559 540 lum
591 487 664 540 ad
696 504 791 541 eas
823 496 1011 557 partes
1045 505 1166 542 esse
1198 506 1362 558 posse
1396 488 1452 542 in
1487 489 1705 545 duobus
1741 490 2019 545 distinctis
2053 491 2271 561 punctis

441 594 739 632 commune
786 578 1248 648 perpendiculum
1296 579 1547 649 ipsarum
1594 580 1712 645 AZ,
1763 581 1901 647 BX;
1948 601 2018 636 ne
2066 582 2272 638 scilicet

440 687 513 722 ex
553 678 925 724 consecuturo
965 670 1349 739 quadrilatero
1390 672 1711 728 continente
1751 681 1994 742 qua-tuor
2034 674 2271 745 angulos

438 759 691 830 majores
735 769 978 831 quatuor
1022 761 1186 816 rectis
1230 762 1544 818 incidamus
1598 764 1701 834 (ex
1745 763 1908 820 XVI.
1955 765 2160 835 hujus)
2214 766 2270 820 in

439 851 777 925 hypothesin
813 851 935 922 jam
972 853 1329 922 reprobatam
1365 854 1556 925 anguli
1593 855 1796 919 obtusi,
1836 865 2033 911 contra
2069 875 2271 927 suppo-

439 942 606 997 sitam
643 944 749 998 hoc
785 944 910 998 loco
947 945 1285 1015 hypothesin
1322 946 1514 1017 anguli
1552 946 1715 1002 acuti.
1796 947 1981 1018 Igitur
2017 948 2112 1003 illa
2148 967 2271 1019 per-

438 1034 815 1104 pendicularis
842 1035 955 1089 AY
980 1035 1087 1090 erit
1113 1055 1185 1090 ex
1211 1036 1319 1091 ista
1343 1046 1501 1107 parte
1527 1038 1686 1093 limes
1714 1039 2049 1094 intrinsecus
2076 1059 2269 1095 earum

365 1113 370 1116 ’
438 1126 709 1190 omnium,
758 1145 901 1197 quae
947 1146 1020 1182 ex
1067 1127 1164 1183 illo
1210 1137 1418 1198 puncto
1465 1129 1521 1183 A
1566 1148 1763 1185 versus
1811 1131 2037 1186 easdem
2083 1140 2268 1201 partes

437 1217 671 1273 eductae
700 1236 999 1274 commune
1029 1219 1257 1289 aliquod
1298 1219 1498 1291 (juxta
1528 1221 1681 1276 illam
1710 1221 2048 1292 hypothesin
2078 1223 2268 1294 anguli

437 1308 619 1379 acuti)
663 1308 721 1364 in
757 1310 976 1365 duobus
1012 1310 1291 1366 distinctis
1326 1312 1547 1382 punctis
1582 1312 1872 1368 obtineant
1906 1314 2270 1384 perpendicu-

436 1400 555 1456 lum
584 1419 714 1456 cum
743 1401 920 1457 altera
950 1402 1243 1457 indefinita
1274 1404 1396 1458 ΒΧ.
1472 1405 1642 1475 Quod
1673 1414 1794 1459 erat
1824 1405 2084 1475 primurn.

554 1493 996 1548 Demonstratur
1020 1495 1265 1550 secunda
1289 1513 1434 1565 pars.
1506 1495 1565 1552 Si
1592 1496 1742 1550 enim
1767 1496 1886 1551 fieri
1913 1506 2124 1567 potest3
2149 1507 2269 1552 esto

435 1583 667 1654 quidam
696 1585 938 1657 angulus
967 1595 1165 1641 acutus
1195 1587 1449 1642 omniurn
1478 1587 1763 1652 minimuS,
1796 1588 1899 1643 sub
1929 1607 2040 1658 quo
2069 1590 2269 1645 educta

436 1675 553 1730 AN
594 1694 892 1732 commune
934 1677 1136 1732 habeat
1176 1697 1305 1733 curn
1346 1678 1441 1733 illa
1481 1679 1588 1733 ΒΧ
1631 1680 1688 1734 in
1730 1681 1949 1735 duobus
1991 1680 2268 1736 distinctis

435 1767 656 1836 punctis
679 1768 1141 1839 perpendiculum
1168 1770 1297 1824 ND.
1325 1786 1330 1790 ·
1366 1771 1516 1825 Tum
1540 1780 1831 1842 assumpto
1856 1772 1914 1826 in
1937 1772 2044 1826 ΒΧ
2069 1772 2267 1828 altiore

433 1868 643 1929 puncto
675 1859 748 1923 K,
781 1878 853 1914 ex
884 1878 950 1915 eo
981 1861 1255 1916 educatur
1284 1862 1356 1916 ad
1388 1862 1494 1916 ΒΧ
1527 1862 2005 1933 perpendicularis
2037 1864 2161 1928 KL,
2196 1864 2267 1919 ad

434 1968 605 2021 quam
635 1970 709 2006 ex
739 1961 948 2021 puncto
980 1951 1035 2006 A
1066 1952 1396 2008 demittatur
1438 1954 1638 2024 (juxta
1674 1954 1757 2009 12.
1794 1954 1992 2026 primi)
2034 1973 2265 2026 perpen-

434 2040 700 2098 dicularis
730 2041 852 2097 AL.
922 2043 1054 2115 Jam
1081 2062 1234 2108 vem,
1267 2044 1312 2099 si
1344 2046 1480 2100 haec
1510 2045 1617 2100 AL
1645 2055 1904 2101 occurrat
1932 2046 1989 2100 in
2020 2048 2265 2116 quodam

433 2143 642 2203 puncto
679 2134 719 2191 S
754 2134 859 2205 ipsi
896 2135 1028 2199 ND,
1065 2145 1287 2191 constat
1321 2155 1454 2192 sane
1489 2137 1761 2209 angulum
1796 2138 1954 2192 BAL
1986 2138 2264 2194 minorem

436 2225 563 2280 fore
599 2244 667 2282 eo
704 2226 888 2291 BAN,
928 2227 1023 2297 qui
1060 2237 1357 2298 propterea
1394 2248 1508 2284 non
1545 2229 1651 2284 erit
1688 2229 1942 2284 omnium
1978 2229 2262 2294 minimuS‚

433 2317 536 2373 sub
562 2336 676 2388 quo
701 2319 903 2374 educta
930 2318 1046 2373 AN
1073 2337 1371 2375 commune
1399 2320 1601 2375 habeat
1628 2339 1755 2375 cum
1782 2321 1877 2375 illa
1904 2322 2011 2375 ΒΧ
2041 2321 2097 2375 in
2127 2322 2264 2377 duo-

433 2409 535 2464 bus
585 2409 864 2464 distinctis
914 2410 1135 2480 punctis
1185 2412 1645 2481 perpendiculum
1697 2412 1829 2466 ND.
1889 2409 1983 2463 [66]
2081 2414 2264 2467 Porro

432 2509 621 2556 autem
653 2501 723 2556 ab
754 2520 820 2556 ea
850 2502 1297 2573 perpendiculari
1332 2502 1439 2557 AL
1471 2503 1645 2558 secari
1678 2504 2024 2574 praedictam
2059 2505 2173 2559 ND
2207 2504 2262 2558 in

431 2594 679 2662 quodam
712 2592 839 2663 ejus
873 2593 1210 2649 intermedio
1244 2603 1451 2664 puncto
1490 2596 1528 2651 S
1565 2595 1644 2649 sic
1677 2597 2111 2651 demonstratur.

548 2684 623 2739 Et
662 2684 847 2754 primo
886 2684 1115 2754 quidem
1153 2704 1267 2740 non
1305 2704 1468 2756 posse
1509 2687 1578 2742 ab
1617 2707 1682 2742 ea
1722 2687 1827 2741 AL
1868 2686 2043 2742 secari
2083 2687 2260 2761 ipsam

432 2776 541 2831 ΒΚ
572 2775 630 2830 in
661 2776 909 2846 quodam
939 2786 1147 2846 puncto
1181 2778 1245 2832 M
1278 2787 1536 2833 constare
1568 2778 1820 2834 absolute
1851 2788 2036 2849 potest
2067 2799 2139 2835 ex
2175 2777 2258 2834 17.

431 2866 615 2937 primi,
654 2886 724 2923 ne
762 2868 970 2923 scilicet
1008 2868 1064 2922 in
1102 2869 1301 2924 eodem
1337 2869 1625 2940 triangulo
1664 2871 1844 2925 MKL
1881 2871 2023 2926 duos
2061 2870 2262 2926 habea-

430 2977 556 3014 mus
584 2959 823 3030 angulos
851 2968 1033 3015 rectos
1062 2960 1119 3015 in
1147 2960 1367 3030 punctis
1397 2961 1469 3025 K,
1501 2971 1555 3016 et
1580 2962 1659 3026 L;
1689 2970 2082 3033 praeterquam
2110 2962 2260 3032 quod

430 3049 487 3104 in
530 3051 636 3105 hoc
680 3050 803 3121 ipso
846 3051 1180 3107 haberemus
1225 3051 1504 3108 intentum
1548 3061 1746 3108 contra
1788 3053 1947 3108 illum
1991 3053 2259 3125 angulum

431 3141 614 3206 BAN,
659 3161 730 3197 ne
772 3142 980 3198 scilicet
1023 3142 1080 3197 in
1122 3144 1227 3198 hac
1268 3143 1365 3198 tali
1411 3143 1629 3199 ratione
1671 3153 1966 3200 censeatur
2006 3143 2258 3200 omnium

1308 3541 1375 3577 162
