2456 4016
413 320 764 396 demonstrat
800 317 1066 390 quadrati
1098 326 1269 390 prout
1306 318 1375 374 ab
1413 316 1534 389 ipso
1574 317 1807 390 definiti,
1847 337 1882 375 a
1918 318 2054 373 data
2088 324 2238 373 recta

411 408 560 465 linea
595 408 1046 481 descriptionem.
1129 409 1312 466 Simili
1353 409 1527 481 igitur
1562 411 1735 466 modo
1774 409 2105 481 reprehendi
2144 426 2239 464 ne-

411 499 533 573 quit
568 500 849 566 EuclideS,
887 502 1040 572 quod
1076 510 1255 556 rectas
1291 500 1466 556 lineas
1503 501 1796 572 parallelas
1832 519 1899 556 eo
1933 500 2033 556 tali
2068 501 2239 556 modo

411 591 746 658 definiverit,
795 611 923 648 cum
968 610 1062 647 eas
1108 610 1389 662 nusquam
1433 593 1506 648 ad
1552 591 2028 648 constructionem
2073 591 2239 647 ullius

413 683 789 740 Problematis
826 692 1077 739 assumat
1111 692 1383 754 tanquam
1418 684 1595 748 dataS,
1633 683 1741 738 nisi
1776 692 1903 754 post
1940 683 2107 753 Prop.
2148 682 2236 739 31.

411 774 502 831 lib.
551 775 736 847 primi,
785 775 842 829 in
888 793 1000 846 qua
1047 774 1457 830 Problematice
1502 776 1869 838 demonstrat,
1919 792 2030 844 quo
2077 783 2240 845 pacto

412 884 447 921 a
489 866 622 923 dato
668 874 833 922 extra
875 866 1066 921 datam
1111 874 1322 921 rectam
1367 864 1572 921 lineam
1617 874 1824 936 puncto
1871 863 2002 920 duci
2045 864 2240 920 debeat

411 966 566 1013 recta
595 956 744 1013 linea
776 956 956 1012 eidem
988 958 1273 1028 parallelo,
1310 966 1364 1013 et
1396 957 1623 1028 quidem
1656 957 1824 1028 juxta
1857 955 2241 1012 definitionem

413 1049 486 1105 ab
523 1067 591 1105 eo
631 1048 901 1105 traditam
941 1048 1355 1119 parallelarum,
1396 1048 1478 1103 ita
1516 1057 1579 1103 nt
1619 1057 1820 1118 nempe
1859 1046 1919 1102 in
1958 1046 2241 1118 infinitum

410 1146 730 1211 protractae
778 1139 840 1195 in
888 1148 1148 1195 neutram
1197 1148 1415 1209 partem
1465 1139 1573 1195 sibi
1621 1139 1861 1195 invicem
1915 1147 2239 1194 occurrant:

414 1231 696 1303 Quodque
730 1231 972 1301 amplius
1005 1240 1118 1297 est;
1153 1231 1211 1286 id
1246 1231 1430 1301 ipsum
1465 1232 1815 1286 demonstrat
1850 1230 1969 1285 sine
2003 1230 2116 1286 ulla
2150 1231 2243 1285 de-

413 1322 715 1393 pendentia
749 1341 783 1378 a
818 1322 1203 1378 Pronunciato
1239 1322 1329 1377 hic
1363 1331 1745 1378 controverso,
1823 1321 2021 1392 Itaque
2057 1321 2243 1377 Eucli-

414 1415 512 1470 des
544 1413 664 1470 sine
695 1414 811 1470 ulla
840 1414 1111 1484 petitione
1143 1413 1401 1484 principii
1434 1415 1784 1469 demonstrat
1817 1411 2053 1483 reperiri
2079 1421 2245 1484 posse

413 1505 474 1560 in
505 1513 711 1561 natura
743 1506 886 1560 duas
920 1506 1058 1561 tales
1089 1504 1267 1560 lineas
1299 1513 1497 1571 rectas,
1533 1524 1676 1576 qnae
1720 1506 1810 1576 (in
1844 1506 2043 1560 eodem
2077 1504 2244 1575 plano

413 1596 816 1668 consistentes)
856 1596 917 1652 in
946 1604 1245 1667 utramque
1273 1605 1492 1667 partem
1523 1597 1582 1651 in
1613 1595 1897 1667 infinitum
1927 1603 2245 1666 protractae

415 1706 704 1759 nunqnam
747 1696 1115 1754 concurrant;
1158 1707 1222 1742 ac
1264 1697 1561 1758 propterea
1603 1687 1887 1758 cognitam
1929 1685 2092 1742 nobis
2134 1685 2245 1742 evi-

416 1780 616 1835 denter
639 1778 784 1850 facit
812 1797 934 1835 eam
960 1778 1298 1850 passionem,
1329 1798 1428 1850 per
1455 1797 1625 1850 quam
1654 1788 1834 1834 rectas
1862 1779 2038 1833 lineas
2066 1778 2246 1849 paral-

417 1871 553 1926 lelas
587 1870 798 1927 definit.

535 1963 850 2034 Pergamus
879 1980 1068 2033 porr0‚
1101 1981 1213 2033 quo
1242 1981 1345 2017 nos
1377 1962 1579 2017 invitat
1608 1962 1847 2033 diligens
1877 1961 2129 2017 Euclidis
2160 1979 2248 2016 ac-

418 2063 659 2110 cusator.
741 2054 1049 2109 Parallelas
1088 2063 1267 2108 rectas
1305 2053 1480 2108 lineas
1519 2053 1761 2123 appellat
1798 2054 1938 2108 duas
1976 2053 2248 2123 quaslibet

425 2142 522 2197 [33]
574 2154 755 2200 rectas
799 2145 922 2210 AC,
970 2145 1094 2210 BD,
1141 2163 1284 2215 quae
1327 2144 1864 2215 perpendiculariter
1907 2146 1980 2199 ad
2024 2145 2250 2200 easdem

420 2246 607 2308 partes
644 2237 768 2309 (fig.
799 2238 949 2307 apud
974 2255 1064 2292 me
1088 2236 1215 2307 21.)
1251 2237 1513 2291 insistant
1539 2236 1636 2291 uni
1663 2236 1888 2291 cuidam
1916 2244 2098 2291 rectae
2126 2235 2247 2289 AB.

422 2328 581 2384 Nihil
609 2346 820 2393 moror,
852 2327 988 2399 quin
1017 2327 1271 2383 definitio
1299 2327 1583 2398 ejusmodi
1613 2327 1871 2397 exposita
1899 2326 1971 2382 sit
1999 2335 2100 2398 per
2126 2335 2251 2398 pas-

419 2418 638 2475 sionem
682 2419 776 2491 (ut
809 2420 926 2490 ipse
961 2419 1072 2490 ait)
1115 2419 1454 2489 possibilem,
1492 2427 1546 2474 et
1579 2418 2090 2485 evidentissimam3
2124 2435 2251 2473 curn

431 2511 537 2582 (ex
566 2511 865 2567 undecima
893 2510 1093 2581 primi)
1136 2529 1169 2565 a
1199 2509 1447 2581 quolibet
1478 2510 1536 2564 in
1569 2512 1700 2565 data
1734 2519 1885 2565 recta
1916 2519 2124 2580 puncto
2155 2529 2252 2565 ex-

422 2602 583 2658 citari
619 2601 798 2673 possit
832 2601 1325 2673 perpendicularis,

538 2694 759 2750 Verum
803 2695 948 2748 hanc
993 2693 1173 2764 ipsam
1218 2702 1273 2748 et
1318 2692 1763 2763 possibilitatem,
1813 2703 1867 2748 et
1913 2692 2252 2748 evidentiam

422 2785 545 2856 jam
576 2784 962 2841 demonstravi
996 2785 1144 2840 circa
1176 2784 1563 2840 definitionem
1594 2784 1864 2839 traditam
1898 2785 1968 2840 ab
2000 2784 2250 2840 Euclide.

424 2876 618 2949 Quare
645 2876 808 2933 unice
837 2885 1027 2941 restat,
1058 2884 1120 2932 ut
1149 2875 1483 2931 conferatur
1510 2884 1709 2931 notum
1739 2875 1876 2931 illud
1908 2875 2253 2932 Pronuncia-

424 2977 547 3025 tum
591 2967 963 3025 Euclidaeum
1008 2985 1137 3024 cum
1183 2967 1361 3023 altero
1407 2966 1604 3022 itidem
1653 2966 2052 3031 Pronunciat0‚
2102 2967 2254 3037 quod

1318 3542 1366 3576 88
