2456 4016
405 322 781 393 pendicularis
813 322 930 376 NK
960 322 1203 377 demissa
1232 323 1304 376 ad
1335 322 1441 376 ΒΧ
1470 320 1657 377 minor
1687 321 1757 378 sit
1785 322 2030 393 qualibet
2060 321 2235 391 assig-

406 424 539 469 nata
572 414 941 485 longitudine,
976 423 1038 469 ut
1071 422 1208 484 puta
1241 432 1307 468 ea
1341 414 1458 468 ΤΒ.
1535 415 1686 469 Tum
1719 432 1855 469 vero
1890 422 2144 469 sumatur
2179 411 2235 466 in

407 505 508 560 ΤΒ
540 505 727 575 portio
758 505 855 561 CB
887 504 1135 575 aequalis
1168 504 1271 574 ipsi
1307 505 1445 568 NK‚·
1474 504 1859 576 jungaturque
1891 503 2015 561 CN.
2089 503 2237 559 Con-

406 605 517 651 stat
544 597 815 668 angulum
844 596 1002 652 NCB
1031 605 1259 651 acutum
1289 596 1431 660 fore,
1452 595 1509 650 in
1536 595 1832 667 hypothesi
1851 596 2042 667 anguli
2070 594 2234 651 acuti.

408 688 566 759 Ergo
601 688 704 759 (ex
731 689 816 743 13.
845 687 1044 758 primi)
1078 688 1311 742 obtusus
1336 687 1458 751 erit,
1486 688 1580 758 qui
1606 687 1866 757 deinceps
1891 696 1975 741 est
2000 687 2238 758 angulus

410 779 587 835 NCT.
657 779 842 850 Igitur
869 787 1035 842 recta,
1065 797 1207 848 quae
1233 797 1305 832 ex
1330 787 1538 847 puncto
1563 781 1614 834 T
1650 779 1828 849 (inter
1855 786 2060 848 puncta
2086 778 2156 841 A,
2186 787 2238 832 et

409 871 456 926 C
499 870 839 940 constituto)
896 870 1433 939 perpendiculariter
1478 871 1748 925 educatur
1793 888 1989 924 versus
2054 878 2238 939 partes

410 962 583 1032 ipsius
616 962 747 1026 AX,
780 980 894 1016 non
927 961 1134 1016 incidet
1176 961 1280 1031 (ex
1317 960 1398 1015 17.
1435 962 1633 1031 primi)
1676 962 1732 1015 in
1764 962 1940 1016 ullum
1971 970 2240 1030 punctum

409 1053 584 1124 ipsius
627 1054 763 1118 CN;
804 1072 867 1107 ac
907 1062 1205 1122 propterea
1256 1054 1355 1122 (ne
1395 1053 1619 1107 claudat
1661 1053 1904 1121 spatium
1945 1070 2073 1107 cum
2115 1052 2236 1110 AT,

408 1155 505 1200 aut
530 1163 658 1200 cum
676 1145 810 1214 TC)
837 1154 1093 1199 occurret
1117 1144 1222 1213 ipsi
1246 1144 1580 1199 terminatae
1599 1145 1711 1197 AN
1740 1144 1796 1197 in
1823 1144 2011 1213 aliquo
2035 1153 2241 1213 puncto

410 1238 471 1291 F.
558 1236 744 1307 Igitur
786 1236 843 1290 in
887 1236 1008 1306 ipsa
1048 1236 1219 1290 etiam
1263 1236 1557 1306 hypothesi
1603 1236 1794 1306 anguli
1840 1235 1985 1289 acuti
2042 1235 2241 1306 (quam

410 1328 616 1383 scimus
662 1328 856 1382 obesse
902 1328 1064 1383 unice
1109 1328 1198 1381 hic
1242 1327 1438 1397 posse)
1492 1327 1708 1382 nullum
1756 1327 1861 1381 erit
1906 1327 2241 1397 assignabile

410 1428 681 1490 punctum
723 1421 775 1475 T
817 1419 875 1473 in
918 1438 985 1473 ea
1026 1419 1149 1482 AB,
1195 1438 1267 1473 ex
1310 1437 1421 1489 quo
1465 1418 2000 1488 perpendiculariter
2043 1419 2242 1473 educta

409 1530 608 1567 versus
637 1520 824 1581 partes
855 1511 1029 1580 ipsius
1061 1510 1174 1563 AX
1204 1529 1319 1566 non
1348 1519 1607 1565 occurrat
1636 1511 1708 1564 ad
1741 1510 1974 1573 finitam,
2008 1527 2105 1564 seu
2134 1518 2243 1564 ter-

410 1603 685 1658 minatam
736 1603 1063 1657 distantiam
1115 1602 1297 1656 eidem
1350 1602 1461 1655 AX
1514 1601 1569 1655 in
1622 1602 1868 1671 quodam
1919 1610 2126 1670 puncto
2178 1601 2239 1654 F.

413 1695 585 1766 Quod
614 1704 714 1749 etc.
754 1690 849 1745 [56]

1053 1893 1536 1946 COROLLARIUM
1574 1901 1608 1945 Ι.

530 2016 671 2071 Inde
703 2025 893 2071 autem
926 2015 1003 2080 fit,
1038 2025 1099 2071 ut
1131 2024 1422 2085 assumpto
1455 2015 1512 2069 in
1545 2015 1650 2069 AB
1683 2024 1968 2085 protracta
2000 2014 2244 2084 quolibet

414 2117 623 2177 puncto
662 2109 745 2171 M,
786 2126 859 2162 ex
895 2126 1007 2177 quo
1045 2125 1242 2162 versus
1281 2116 1467 2176 partes
1506 2115 1844 2177 punctorum
1883 2107 1937 2160 X
1976 2107 2245 2161 educatur

414 2198 893 2269 perpendicularis
928 2200 1057 2263 ΜΖ,
1093 2207 1334 2269 nequeat
1366 2198 1502 2268 ipsa,
1538 2198 1757 2253 etiamsi
1791 2197 2006 2253 infinite
2039 2198 2246 2267 produ-

413 2300 590 2355 catur,
622 2309 917 2346 occurrere
947 2290 1266 2360 praedictae
1297 2290 1440 2355 AX;
1471 2289 1603 2359 quia
1632 2298 1917 2343 caeterum
1947 2289 2041 2343 illa
2071 2290 2245 2343 altera

415 2382 523 2437 ΒΧ
567 2382 794 2438 deberet
846 2382 950 2452 (ex
992 2381 1302 2452 praemissa
1345 2380 1859 2450 demonstratione)
1913 2381 1985 2435 ad
2030 2380 2244 2434 finitam

414 2474 744 2529 distantiam
770 2491 1065 2529 occurrere
1092 2472 1275 2527 eidem
1302 2472 1445 2537 AX;
1473 2473 1624 2541 quod
1652 2480 1735 2526 est
1762 2481 1959 2526 contra
1987 2489 2245 2541 praesen-

414 2576 529 2620 tem
553 2564 906 2637 hypothesin.

1040 2770 1524 2816 COROLLARIUM
1560 2770 1620 2813 ΙΙ.

533 2878 626 2932 ΕΧ
657 2896 769 2948 quo
803 2896 1029 2933 rursum
1061 2877 1423 2946 consequitur
1455 2896 1682 2931 omnem
1714 2876 2248 2947 perpendiculariter

416 2971 677 3024 eductam
701 2988 775 3024 ex
799 2969 1047 3039 quolibet
1064 2977 1272 3039 puncto
1299 2968 1447 3023 illius
1465 2968 1873 3038 quantumlibet
1891 2968 2247 3023 continuatae

417 3061 541 3125 AB,
573 3062 671 3116 sed
700 3079 815 3116 non
842 3070 1033 3115 tamen
1062 3060 1278 3114 infinite
1308 3059 1523 3124 dissit0‚
1558 3060 1758 3114 debere
1788 3060 1859 3114 ad
1892 3059 2107 3114 finitam
2137 3059 2248 3114 dis-

416 3152 656 3208 tantiam
690 3171 986 3208 occurrere
1020 3150 1339 3222 praedictae
1376 3150 1518 3217 AX;
1574 3160 1850 3220 quatenus
1884 3168 2084 3221 nempe
2120 3168 2247 3220 sup-

417 3253 663 3315 ponatur
697 3262 923 3299 omnem
956 3244 1127 3298 talem
1163 3242 1699 3313 perpendiculariter
1735 3242 1993 3297 eductam
2030 3259 2249 3312 semper
