2456 4016
439 339 579 390 ram,
626 321 770 380 adeo
814 333 876 380 ut
920 334 1234 395 propterea,
1284 322 1403 380 sine
1449 321 1564 380 ulla
1608 319 1999 380 immutatione
2045 320 2102 379 in
2147 320 2268 395 ipsa

443 416 628 482 AXB,
659 416 833 471 locari
862 417 998 471 haec
1026 416 1204 486 possit
1231 417 1304 471 ad
1333 417 1760 488 congruendum
1790 416 1848 470 in
1877 417 2077 471 eodem
2106 416 2273 486 plano

445 508 607 563 alteri
642 507 823 564 AXC.
901 507 981 562 At
1014 507 1321 562 manifeste
1357 516 1648 577 repugnat,
1688 509 1840 577 quod
1878 524 2119 571 rursum,
2157 506 2276 561 sine

445 600 561 655 ulla
591 599 984 655 immutatione
1016 599 1163 653 illius
1195 617 1329 653 suae
1360 598 1815 663 continuationiS,
1849 598 2021 652 locari
2054 616 2119 653 ea
2150 615 2277 668 pos-

447 691 520 746 sit
546 690 604 745 in
630 692 830 746 eodem
855 691 1023 761 plano
1051 691 1124 744 ad
1151 691 1579 761 congruendum
1605 690 1765 744 alteri
1794 689 1996 753 AXM‚
2027 707 2168 759 quae
2194 688 2278 743 ni-

446 782 657 838 mirum
689 782 908 838 dividat
941 782 1000 836 in
1033 782 1089 835 X
1124 781 1283 836 illum
1317 781 1760 851 qualemcunque
1796 780 2067 851 angulum
2102 779 2274 835 BXC.

449 873 621 946 Quod
645 873 796 928 enim
819 872 1170 928 continuatio
1194 872 1359 926 AXB
1386 872 1496 927 alia
1519 873 1682 943 plane
1707 872 1779 926 sit
1803 891 1836 926 a
1859 871 2279 926 continuatione

448 965 651 1030 AXM,
682 964 728 1019 si
756 973 995 1034 utraque
1022 963 1410 1019 consideretur
1438 982 1634 1019 versus
1665 964 1902 1018 eandem
1932 981 2030 1017 seu
2058 958 2273 1016 lae-[76]

448 1074 596 1122 vam,
628 1075 727 1112 seu
755 1058 1050 1111 dexteram
1078 1064 1313 1126 partem,
1346 1074 1418 1109 ex
1446 1074 1513 1110 eo
1539 1055 1913 1109 manifestum
1942 1072 2062 1109 esse
2091 1053 2253 1108 debet
2269 1073 2281 1118 ;

450 1148 583 1219 quia
607 1157 892 1203 caeterum
928 1147 1021 1218 (ut
1047 1147 1104 1201 in
1129 1147 1298 1202 simili
1325 1148 1687 1202 observatum
1712 1146 1833 1216 jam
1859 1145 1973 1215 est)
2012 1145 2069 1199 in
2094 1164 2160 1200 ea
2184 1145 2281 1200 tali

450 1240 730 1310 positione
762 1239 1028 1294 deberent
1061 1238 1302 1293 invicem
1333 1257 1644 1309 congruere
1678 1238 1830 1307 ipsae
1863 1237 2045 1301 AXB,
2080 1236 2280 1290 AXM.

454 1332 568 1388 Sed
596 1349 777 1402 neque
804 1330 1069 1386 sustineri
1098 1338 1298 1400 potest,
1331 1331 1483 1400 quod
1512 1329 1863 1384 continuatio
1893 1328 2057 1382 AXB
2087 1346 2284 1383 versus

451 1442 625 1480 unam
665 1432 900 1494 partem,
943 1431 1006 1478 ut
1045 1431 1181 1492 puta
1221 1422 1293 1476 ad
1333 1422 1568 1486 laevam,
1614 1420 1811 1474 similis
1853 1421 2017 1490 plane
2057 1420 2146 1484 sit,
2189 1428 2286 1474 aut

453 1515 701 1585 aequalis
734 1513 1146 1569 continuationi
1179 1513 1363 1567 AXM
1396 1531 1593 1568 versus
1625 1521 1844 1582 partem
1876 1513 2189 1575 adversam,
2225 1519 2287 1566 ut

452 1615 589 1677 puta
619 1607 692 1661 ad
724 1607 1048 1671 dexteram;
1081 1605 1213 1675 quia
1245 1613 1530 1659 caeterum
1561 1603 1910 1658 continuatio
1945 1602 2128 1657 AXM
2163 1620 2287 1657 ver-

455 1716 549 1753 sus
588 1700 883 1753 dexteram
921 1697 1119 1751 similis
1159 1697 1322 1766 plane
1364 1696 1531 1760 foret,
1574 1704 1671 1750 aut
1710 1695 1958 1764 aequalis
1997 1694 2288 1748 continua-

454 1790 595 1845 tioni
628 1789 794 1845 AXC
825 1807 1022 1844 versus
1054 1789 1292 1843 eandem
1324 1789 1618 1842 dexteram
1650 1796 1868 1856 partem
1900 1795 2129 1855 propter
2161 1804 2289 1854 sup-

454 1881 698 1952 positam
722 1881 1111 1935 omnimodam
1135 1879 1577 1942 similitudinem,
1607 1887 1704 1942 aut
1728 1877 2123 1947 aequalitatem
2145 1876 2290 1930 inter

454 1974 628 2028 modo
669 1972 879 2027 dictam
920 1971 1419 2034 continuationem,
1463 1980 1516 2025 et
1557 1970 1710 2023 illam
1750 1970 1920 2024 aliam
1960 1969 2125 2022 AXB
2165 1986 2289 2022 ver-

457 2083 551 2120 sus
577 2064 811 2119 laevam.
880 2065 1043 2119 Tunc
1070 2072 1260 2118 autem
1286 2062 1344 2116 in
1370 2081 1436 2116 ea
1461 2062 1559 2116 tali
1587 2061 1865 2131 positione
1902 2060 1995 2131 (ut
2021 2069 2104 2114 est
2131 2077 2289 2129 prae-

457 2155 703 2226 dictum)
747 2155 1015 2210 deberent
1048 2154 1289 2209 invicem
1322 2171 1634 2224 congruere
1661 2152 1821 2222 ipsae
1856 2151 2057 2215 AXM,
2096 2150 2289 2216 AXC;

457 2249 610 2318 quod
638 2256 723 2303 est
749 2256 946 2302 contra
973 2254 1327 2317 praesentem
1353 2243 1725 2315 hypothesim.

573 2340 667 2393 Ex
705 2338 906 2409 quibus
946 2337 1207 2392 omnibus
1248 2336 1466 2390 infero:
1528 2354 1653 2389 eam
1693 2334 2042 2404 suppositam
2081 2343 2291 2388 rectam

459 2430 624 2485 AXB
672 2430 979 2501 (quatenus
1015 2428 1243 2499 quidem
1279 2426 1626 2498 intelligatur
1661 2444 1996 2480 conservare
2033 2444 2194 2480 suam
2229 2425 2292 2478 il-

458 2523 572 2577 lam
616 2522 1060 2592 qualemcunque
1104 2518 1586 2574 continuationem
1629 2537 1701 2572 ex
1744 2526 1952 2587 puncto
1997 2517 2052 2570 A
2094 2534 2291 2572 versus

459 2614 538 2684 B)
575 2614 819 2683 recipere
843 2631 958 2666 non
983 2630 1146 2681 posse
1164 2610 1443 2679 duplicem
1468 2609 1637 2663 aliam
1662 2609 1719 2662 in
1745 2610 1944 2663 eodem
1961 2609 2128 2678 plano
2145 2607 2293 2678 posi-

459 2705 689 2769 tionem,
727 2704 785 2758 in
818 2722 1060 2774 quarum
1094 2711 1332 2771 utraque
1367 2700 1554 2770 portio
1590 2700 1818 2770 quidem
1854 2700 1967 2754 AX
2003 2700 2059 2754 in
2095 2701 2292 2755 eodem

461 2796 573 2852 situ
605 2795 885 2867 persistat,
921 2793 1108 2864 portio
1140 2812 1277 2849 vero
1311 2792 1487 2847 altera
1521 2792 1627 2845 XB
1662 2792 1720 2846 in
1752 2810 1865 2847 una
1899 2791 2123 2847 illarum
2157 2792 2292 2846 dua-

462 2906 589 2944 rum
631 2886 978 2958 positionum
1021 2893 1298 2956 congruat
1351 2883 1625 2954 (exempli
1669 2883 1868 2953 causa)
1922 2882 2026 2952 ipsi
2071 2882 2193 2946 XC,
2239 2891 2293 2936 et

462 2979 521 3034 in
559 2979 671 3035 alia
709 2977 989 3049 positione
1027 2984 1304 3047 congruat
1343 2974 1449 3045 ipsi
1490 2975 1632 3028 XM.
1718 2974 1888 3045 Quod
1930 2982 2050 3028 erat
2090 2991 2293 3044 propo-

463 3070 649 3127 situm,

580 3162 725 3217 Dico
771 3160 970 3216 tertio:
1020 3159 1258 3215 eandem
1306 3156 1654 3228 suppositam
1705 3164 1914 3210 rectam
1964 3155 2128 3209 AXB
2178 3173 2291 3210 non

1342 3555 1414 3599 184
