<?xml version="1.0" encoding="UTF-8"?>
<!DOCTYPE html PUBLIC "-//W3C//DTD XHTML 1.0 Transitional//EN"
    "http://www.w3.org/TR/xhtml1/DTD/xhtml1-transitional.dtd">
<html xmlns="http://www.w3.org/1999/xhtml" xml:lang="en" lang="en">
 <head>
  <title>
</title>
<meta http-equiv="Content-Type" content="text/html;charset=utf-8" />
  <meta name='ocr-system' content='tesseract 3.04.00' />
  <meta name='ocr-capabilities' content='ocr_page ocr_carea ocr_par ocr_line ocrx_word'/>
</head>
<body>
  <div class='ocr_page' id='page_1' title='image "./giroeuclvindicat00saccrich_0146.png"; bbox 0 0 2456 4016; ppageno 0'>
   <div class='ocr_carea' id='block_1_1' title="bbox 330 307 2236 3122">
    <p class='ocr_par' dir='ltr' id='par_1_1' title="bbox 402 307 2231 561">
     <span class='ocr_line' id='line_1_1' title="bbox 402 307 2230 380; baseline 0.001 -19"><span class='ocrx_word' id='word_1_1' title='bbox 402 308 480 363; x_wconf 90' lang='lat' dir='ltr'>ita</span> <span class='ocrx_word' id='word_1_2' title='bbox 504 307 721 362; x_wconf 89' lang='lat' dir='ltr'>moveri</span> <span class='ocrx_word' id='word_1_3' title='bbox 747 326 915 378; x_wconf 88' lang='lat' dir='ltr'>super</span> <span class='ocrx_word' id='word_1_4' title='bbox 941 327 1007 362; x_wconf 90' lang='lat' dir='ltr'>ea</span> <span class='ocrx_word' id='word_1_5' title='bbox 1031 308 1131 361; x_wconf 92' lang='lat' dir='ltr'>AZ</span> <span class='ocrx_word' id='word_1_6' title='bbox 1159 325 1355 363; x_wconf 90' lang='lat' dir='ltr'>versus</span> <span class='ocrx_word' id='word_1_7' title='bbox 1382 317 1569 377; x_wconf 86' lang='lat' dir='ltr'>partes</span> <span class='ocrx_word' id='word_1_8' title='bbox 1596 308 1786 378; x_wconf 89' lang='lat' dir='ltr'>puncti</span> <span class='ocrx_word' id='word_1_9' title='bbox 1814 308 1874 371; x_wconf 89' lang='lat' dir='ltr'>Z,</span> <span class='ocrx_word' id='word_1_10' title='bbox 1903 316 1965 363; x_wconf 90' lang='lat' dir='ltr'>ut</span> <span class='ocrx_word' id='word_1_11' title='bbox 1991 308 2230 380; x_wconf 88' lang='lat' dir='ltr'>angulus</span> 
     </span>
     <span class='ocr_line' id='line_1_2' title="bbox 402 399 2231 470; baseline 0.001 -17"><span class='ocrx_word' id='word_1_12' title='bbox 402 400 473 453; x_wconf 93' lang='lat' dir='ltr'>ad</span> <span class='ocrx_word' id='word_1_13' title='bbox 515 408 785 469; x_wconf 89' lang='lat' dir='ltr'>punctum</span> <span class='ocrx_word' id='word_1_14' title='bbox 827 399 882 453; x_wconf 94' lang='lat' dir='ltr'>X</span> <span class='ocrx_word' id='word_1_15' title='bbox 923 417 1121 454; x_wconf 88' lang='lat' dir='ltr'>versus</span> <span class='ocrx_word' id='word_1_16' title='bbox 1163 408 1350 468; x_wconf 89' lang='lat' dir='ltr'>partes</span> <span class='ocrx_word' id='word_1_17' title='bbox 1392 399 1582 468; x_wconf 88' lang='lat' dir='ltr'>puncti</span> <span class='ocrx_word' id='word_1_18' title='bbox 1625 399 1680 453; x_wconf 92' lang='lat' dir='ltr'><strong>A</strong></span> <span class='ocrx_word' id='word_1_19' title='bbox 1721 399 1970 469; x_wconf 89' lang='lat' dir='ltr'>aequalis</span> <span class='ocrx_word' id='word_1_20' title='bbox 2012 417 2231 470; x_wconf 88' lang='lat' dir='ltr'>semper</span> 
     </span>
     <span class='ocr_line' id='line_1_3' title="bbox 402 490 1395 561; baseline 0.001 -18"><span class='ocrx_word' id='word_1_21' title='bbox 402 491 473 544; x_wconf 88' lang='lat' dir='ltr'>sit</span> <span class='ocrx_word' id='word_1_22' title='bbox 499 492 633 544; x_wconf 92' lang='lat' dir='ltr'>dato</span> <span class='ocrx_word' id='word_1_23' title='bbox 659 490 836 546; x_wconf 88' lang='lat' dir='ltr'>cuivis</span> <span class='ocrx_word' id='word_1_24' title='bbox 863 491 1065 545; x_wconf 90' lang='lat' dir='ltr'>obtuso</span> <span class='ocrx_word' id='word_1_25' title='bbox 1092 490 1303 561; x_wconf 87' lang='lat' dir='ltr'>angulo</span> <span class='ocrx_word' id='word_1_26' title='bbox 1329 490 1395 544; x_wconf 92' lang='lat' dir='ltr'>R.</span> 
     </span>
    </p>

    <p class='ocr_par' dir='ltr' id='par_1_2' title="bbox 401 581 2233 1474">
     <span class='ocr_line' id='line_1_4' title="bbox 519 581 2232 651; baseline 0.001 -16"><span class='ocrx_word' id='word_1_27' title='bbox 519 582 832 636; x_wconf 90' lang='lat' dir='ltr'>Praemitto</span> <span class='ocrx_word' id='word_1_28' title='bbox 859 581 1056 636; x_wconf 90' lang='lat' dir='ltr'>tertio:</span> <span class='ocrx_word' id='word_1_29' title='bbox 1084 581 1221 636; x_wconf 90' lang='lat' dir='ltr'>nulli</span> <span class='ocrx_word' id='word_1_30' title='bbox 1250 581 1371 651; x_wconf 90' lang='lat' dir='ltr'>jam</span> <span class='ocrx_word' id='word_1_31' title='bbox 1398 582 1734 636; x_wconf 81' lang='lat' dir='ltr'>dubitationi</span> <span class='ocrx_word' id='word_1_32' title='bbox 1763 582 2075 637; x_wconf 87' lang='lat' dir='ltr'>obnoxium</span> <span class='ocrx_word' id='word_1_33' title='bbox 2106 582 2232 637; x_wconf 76' lang='lat' dir='ltr'>fore</span> 
     </span>
     <span class='ocr_line' id='line_1_5' title="bbox 402 672 2232 737; baseline 0.001 -11"><span class='ocrx_word' id='word_1_34' title='bbox 402 673 540 727; x_wconf 88' lang='lat' dir='ltr'>illud</span> <span class='ocrx_word' id='word_1_35' title='bbox 583 673 1030 728; x_wconf 90' lang='lat' dir='ltr'>Pronunciatum</span> <span class='ocrx_word' id='word_1_36' title='bbox 1071 672 1457 737; x_wconf 88' lang='lat' dir='ltr'>Euclidaeum,</span> <span class='ocrx_word' id='word_1_37' title='bbox 1501 673 1547 727; x_wconf 92' lang='lat' dir='ltr'>si</span> <span class='ocrx_word' id='word_1_38' title='bbox 1589 673 1871 728; x_wconf 90' lang='lat' dir='ltr'>antedicta</span> <span class='ocrx_word' id='word_1_39' title='bbox 1911 673 2027 727; x_wconf 83' lang='lat' dir='ltr'>XY</span> <span class='ocrx_word' id='word_1_40' title='bbox 2067 673 2125 727; x_wconf 92' lang='lat' dir='ltr'>in</span> <span class='ocrx_word' id='word_1_41' title='bbox 2165 692 2232 728; x_wconf 89' lang='lat' dir='ltr'>eo</span> 
     </span>
     <span class='ocr_line' id='line_1_6' title="bbox 401 764 2230 834; baseline 0 -16"><span class='ocrx_word' id='word_1_42' title='bbox 401 773 834 834; x_wconf 89' lang='lat' dir='ltr'>quantocunque</span> <span class='ocrx_word' id='word_1_43' title='bbox 877 773 1037 818; x_wconf 91' lang='lat' dir='ltr'>motu</span> <span class='ocrx_word' id='word_1_44' title='bbox 1080 782 1248 833; x_wconf 90' lang='lat' dir='ltr'>super</span> <span class='ocrx_word' id='word_1_45' title='bbox 1290 773 1442 819; x_wconf 87' lang='lat' dir='ltr'>recta</span> <span class='ocrx_word' id='word_1_46' title='bbox 1483 765 1584 818; x_wconf 92' lang='lat' dir='ltr'>AZ</span> <span class='ocrx_word' id='word_1_47' title='bbox 1627 773 1774 819; x_wconf 90' lang='lat' dir='ltr'>secet</span> <span class='ocrx_word' id='word_1_48' title='bbox 1817 782 2037 834; x_wconf 86' lang='lat' dir='ltr'>semper</span> <span class='ocrx_word' id='word_1_49' title='bbox 2079 764 2230 820; x_wconf 89' lang='lat' dir='ltr'>illam</span> 
     </span>
     <span class='ocr_line' id='line_1_7' title="bbox 402 855 2232 925; baseline 0.001 -17"><span class='ocrx_word' id='word_1_50' title='bbox 402 855 515 909; x_wconf 86' lang='lat' dir='ltr'>AY</span> <span class='ocrx_word' id='word_1_51' title='bbox 553 855 609 909; x_wconf 91' lang='lat' dir='ltr'>in</span> <span class='ocrx_word' id='word_1_52' title='bbox 647 855 983 924; x_wconf 88' lang='lat' dir='ltr'>quibusdam</span> <span class='ocrx_word' id='word_1_53' title='bbox 1019 856 1240 924; x_wconf 91' lang='lat' dir='ltr'>punctis</span> <span class='ocrx_word' id='word_1_54' title='bbox 1280 856 1343 918; x_wconf 89' lang='grc' dir='ltr'>Β,</span> <span class='ocrx_word' id='word_1_55' title='bbox 1386 857 1462 919; x_wconf 89' lang='grc' dir='ltr'>Η,</span> <span class='ocrx_word' id='word_1_56' title='bbox 1504 857 1574 919; x_wconf 90' lang='lat' dir='ltr'>D,</span> <span class='ocrx_word' id='word_1_57' title='bbox 1618 857 1679 919; x_wconf 84' lang='lat' dir='ltr'>P,</span> <span class='ocrx_word' id='word_1_58' title='bbox 1721 865 1887 925; x_wconf 86' lang='lat' dir='ltr'>atque</span> <span class='ocrx_word' id='word_1_59' title='bbox 1925 856 2004 910; x_wconf 88' lang='lat' dir='ltr'>ita</span> <span class='ocrx_word' id='word_1_60' title='bbox 2040 874 2232 910; x_wconf 89' lang='lat' dir='ltr'>conse-</span> 
     </span>
     <span class='ocr_line' id='line_1_8' title="bbox 401 946 2233 1018; baseline 0.001 -17"><span class='ocrx_word' id='word_1_61' title='bbox 401 956 636 1016; x_wconf 87' lang='lat' dir='ltr'>quenter</span> <span class='ocrx_word' id='word_1_62' title='bbox 662 947 718 1000; x_wconf 90' lang='lat' dir='ltr'>in</span> <span class='ocrx_word' id='word_1_63' title='bbox 744 946 867 1001; x_wconf 90' lang='lat' dir='ltr'>aliis</span> <span class='ocrx_word' id='word_1_64' title='bbox 893 946 1113 1016; x_wconf 86' lang='lat' dir='ltr'>punctis</span> <span class='ocrx_word' id='word_1_65' title='bbox 1140 946 1536 1003; x_wconf 85' lang='lat' dir='ltr'>remotioribus</span> <span class='ocrx_word' id='word_1_66' title='bbox 1561 948 1631 1002; x_wconf 91' lang='lat' dir='ltr'>ab</span> <span class='ocrx_word' id='word_1_67' title='bbox 1656 966 1723 1002; x_wconf 90' lang='lat' dir='ltr'>eo</span> <span class='ocrx_word' id='word_1_68' title='bbox 1748 956 1957 1018; x_wconf 89' lang='lat' dir='ltr'>puncto</span> <span class='ocrx_word' id='word_1_69' title='bbox 1983 947 2052 1002; x_wconf 91' lang='lat' dir='ltr'>A.</span> <span class='ocrx_word' id='word_1_70' title='bbox 2120 948 2233 1002; x_wconf 90' lang='lat' dir='ltr'>Ra-</span> 
     </span>
     <span class='ocr_line' id='line_1_9' title="bbox 402 1037 2232 1109; baseline 0.001 -17"><span class='ocrx_word' id='word_1_71' title='bbox 402 1038 482 1092; x_wconf 88' lang='lat' dir='ltr'>tio</span> <span class='ocrx_word' id='word_1_72' title='bbox 520 1038 751 1092; x_wconf 83' lang='lat' dir='ltr'>evidens</span> <span class='ocrx_word' id='word_1_73' title='bbox 790 1046 902 1103; x_wconf 88' lang='lat' dir='ltr'>est;</span> <span class='ocrx_word' id='word_1_74' title='bbox 942 1037 1074 1107; x_wconf 90' lang='lat' dir='ltr'>quia</span> <span class='ocrx_word' id='word_1_75' title='bbox 1113 1038 1192 1092; x_wconf 88' lang='lat' dir='ltr'>sic</span> <span class='ocrx_word' id='word_1_76' title='bbox 1231 1039 1375 1093; x_wconf 82' lang='lat' dir='ltr'>duae</span> <span class='ocrx_word' id='word_1_77' title='bbox 1413 1039 1691 1109; x_wconf 90' lang='lat' dir='ltr'>quaelibet</span> <span class='ocrx_word' id='word_1_78' title='bbox 1731 1039 1787 1092; x_wconf 91' lang='lat' dir='ltr'>in</span> <span class='ocrx_word' id='word_1_79' title='bbox 1827 1040 2026 1093; x_wconf 89' lang='lat' dir='ltr'>eodem</span> <span class='ocrx_word' id='word_1_80' title='bbox 2065 1039 2232 1109; x_wconf 90' lang='lat' dir='ltr'>plano</span> 
     </span>
     <span class='ocr_line' id='line_1_10' title="bbox 401 1129 2233 1201; baseline 0.001 -18"><span class='ocrx_word' id='word_1_81' title='bbox 401 1129 707 1184; x_wconf 84' lang='lat' dir='ltr'>existentes</span> <span class='ocrx_word' id='word_1_82' title='bbox 734 1138 916 1184; x_wconf 89' lang='lat' dir='ltr'>rectae</span> <span class='ocrx_word' id='word_1_83' title='bbox 941 1129 1064 1193; x_wconf 88' lang='lat' dir='ltr'>AB,</span> <span class='ocrx_word' id='word_1_84' title='bbox 1092 1130 1230 1193; x_wconf 84' lang='grc' dir='ltr'>ΧΗ,</span> <span class='ocrx_word' id='word_1_85' title='bbox 1258 1130 1315 1183; x_wconf 90' lang='lat' dir='ltr'>in</span> <span class='ocrx_word' id='word_1_86' title='bbox 1340 1148 1478 1201; x_wconf 91' lang='lat' dir='ltr'>quas</span> <span class='ocrx_word' id='word_1_87' title='bbox 1506 1139 1656 1185; x_wconf 91' lang='lat' dir='ltr'>recta</span> <span class='ocrx_word' id='word_1_88' title='bbox 1681 1130 1958 1200; x_wconf 84' lang='lat' dir='ltr'>quaelibet</span> <span class='ocrx_word' id='word_1_89' title='bbox 1983 1130 2233 1186; x_wconf 89' lang='lat' dir='ltr'>incidens</span> 
     </span>
     <span class='ocr_line' id='line_1_11' title="bbox 403 1220 2232 1292; baseline 0.001 -18"><span class='ocrx_word' id='word_1_90' title='bbox 403 1220 516 1274; x_wconf 89' lang='lat' dir='ltr'>AX</span> <span class='ocrx_word' id='word_1_91' title='bbox 547 1222 690 1275; x_wconf 89' lang='lat' dir='ltr'>duos</span> <span class='ocrx_word' id='word_1_92' title='bbox 721 1222 793 1275; x_wconf 89' lang='lat' dir='ltr'>ad</span> <span class='ocrx_word' id='word_1_93' title='bbox 823 1222 1049 1275; x_wconf 87' lang='lat' dir='ltr'>easdem</span> <span class='ocrx_word' id='word_1_94' title='bbox 1080 1230 1267 1291; x_wconf 88' lang='lat' dir='ltr'>partes</span> <span class='ocrx_word' id='word_1_95' title='bbox 1297 1221 1535 1292; x_wconf 86' lang='lat' dir='ltr'>angulos</span> <span class='ocrx_word' id='word_1_96' title='bbox 1568 1221 1749 1284; x_wconf 85' lang='lat' dir='ltr'><strong>BAX,</strong></span> <span class='ocrx_word' id='word_1_97' title='bbox 1785 1221 1979 1285; x_wconf 86' lang='lat' dir='ltr'><strong>HXA‚</strong></span> <span class='ocrx_word' id='word_1_98' title='bbox 2015 1222 2232 1277; x_wconf 90' lang='lat' dir='ltr'>duobus</span> 
     </span>
     <span class='ocr_line' id='line_1_12' title="bbox 404 1311 2233 1383; baseline 0.001 -18"><span class='ocrx_word' id='word_1_99' title='bbox 404 1311 568 1366; x_wconf 88' lang='lat' dir='ltr'>rectis</span> <span class='ocrx_word' id='word_1_100' title='bbox 610 1311 859 1366; x_wconf 87' lang='lat' dir='ltr'>minores</span> <span class='ocrx_word' id='word_1_101' title='bbox 906 1312 1124 1376; x_wconf 89' lang='lat' dir='ltr'>efficiat,</span> <span class='ocrx_word' id='word_1_102' title='bbox 1172 1312 1472 1367; x_wconf 88' lang='lat' dir='ltr'>convenire</span> <span class='ocrx_word' id='word_1_103' title='bbox 1515 1314 1746 1367; x_wconf 89' lang='lat' dir='ltr'>tandem</span> <span class='ocrx_word' id='word_1_104' title='bbox 1791 1314 1862 1367; x_wconf 93' lang='lat' dir='ltr'>ad</span> <span class='ocrx_word' id='word_1_105' title='bbox 1908 1331 2001 1367; x_wconf 90' lang='lat' dir='ltr'>eas</span> <span class='ocrx_word' id='word_1_106' title='bbox 2047 1322 2233 1383; x_wconf 89' lang='lat' dir='ltr'>partes</span> 
     </span>
     <span class='ocr_line' id='line_1_13' title="bbox 402 1403 1626 1474; baseline 0.001 -17"><span class='ocrx_word' id='word_1_107' title='bbox 402 1403 669 1458; x_wconf 89' lang='lat' dir='ltr'>deberent</span> <span class='ocrx_word' id='word_1_108' title='bbox 708 1403 764 1457; x_wconf 90' lang='lat' dir='ltr'>in</span> <span class='ocrx_word' id='word_1_109' title='bbox 803 1403 1264 1473; x_wconf 73' lang='lat' dir='ltr'>uno&#39;eodemque</span> <span class='ocrx_word' id='word_1_110' title='bbox 1303 1413 1510 1474; x_wconf 91' lang='lat' dir='ltr'>puncto</span> <span class='ocrx_word' id='word_1_111' title='bbox 1550 1405 1626 1458; x_wconf 93' lang='lat' dir='ltr'>H.</span> 
     </span>
    </p>

    <p class='ocr_par' dir='ltr' id='par_1_3' title="bbox 330 1495 2235 2466">
     <span class='ocr_line' id='line_1_14' title="bbox 520 1495 2233 1566; baseline 0.001 -18"><span class='ocrx_word' id='word_1_112' title='bbox 520 1495 834 1549; x_wconf 89' lang='lat' dir='ltr'>Praemitto</span> <span class='ocrx_word' id='word_1_113' title='bbox 872 1504 1105 1566; x_wconf 89' lang='lat' dir='ltr'>quarto:</span> <span class='ocrx_word' id='word_1_114' title='bbox 1147 1495 1284 1550; x_wconf 89' lang='lat' dir='ltr'>nulli</span> <span class='ocrx_word' id='word_1_115' title='bbox 1326 1496 1460 1550; x_wconf 91' lang='lat' dir='ltr'>item</span> <span class='ocrx_word' id='word_1_116' title='bbox 1500 1495 1838 1550; x_wconf 85' lang='lat' dir='ltr'>dubitationi</span> <span class='ocrx_word' id='word_1_117' title='bbox 1879 1496 2065 1551; x_wconf 89' lang='lat' dir='ltr'>locum</span> <span class='ocrx_word' id='word_1_118' title='bbox 2109 1497 2233 1550; x_wconf 78' lang='lat' dir='ltr'>fore</span> 
     </span>
     <span class='ocr_line' id='line_1_15' title="bbox 402 1586 2234 1658; baseline 0.002 -19"><span class='ocrx_word' id='word_1_119' title='bbox 402 1605 569 1656; x_wconf 89' lang='lat' dir='ltr'>super</span> <span class='ocrx_word' id='word_1_120' title='bbox 595 1586 832 1641; x_wconf 85' lang='lat' dir='ltr'>veritate</span> <span class='ocrx_word' id='word_1_121' title='bbox 858 1587 1244 1656; x_wconf 90' lang='lat' dir='ltr'>praecedentis</span> <span class='ocrx_word' id='word_1_122' title='bbox 1273 1587 1616 1657; x_wconf 86' lang='lat' dir='ltr'>hypothetici</span> <span class='ocrx_word' id='word_1_123' title='bbox 1645 1587 1948 1657; x_wconf 90' lang='lat' dir='ltr'>assumpti;</span> <span class='ocrx_word' id='word_1_124' title='bbox 1977 1588 2022 1642; x_wconf 91' lang='lat' dir='ltr'>si</span> <span class='ocrx_word' id='word_1_125' title='bbox 2052 1597 2234 1658; x_wconf 85' lang='lat' dir='ltr'>poste-</span> 
     </span>
     <span class='ocr_line' id='line_1_16' title="bbox 404 1677 2234 1749; baseline 0.001 -17"><span class='ocrx_word' id='word_1_126' title='bbox 404 1678 582 1732; x_wconf 86' lang='lat' dir='ltr'>riores</span> <span class='ocrx_word' id='word_1_127' title='bbox 618 1677 695 1731; x_wconf 92' lang='lat' dir='ltr'>illi</span> <span class='ocrx_word' id='word_1_128' title='bbox 731 1678 951 1733; x_wconf 86' lang='lat' dir='ltr'>externi</span> <span class='ocrx_word' id='word_1_129' title='bbox 987 1678 1179 1749; x_wconf 87' lang='lat' dir='ltr'>anguli</span> <span class='ocrx_word' id='word_1_130' title='bbox 1216 1679 1413 1742; x_wconf 86' lang='lat' dir='ltr'>YHD,</span> <span class='ocrx_word' id='word_1_131' title='bbox 1451 1680 1633 1742; x_wconf 87' lang='lat' dir='ltr'>YDP,</span> <span class='ocrx_word' id='word_1_132' title='bbox 1672 1688 1726 1733; x_wconf 89' lang='lat' dir='ltr'>et</span> <span class='ocrx_word' id='word_1_133' title='bbox 1760 1679 1839 1733; x_wconf 90' lang='lat' dir='ltr'>sic</span> <span class='ocrx_word' id='word_1_134' title='bbox 1874 1679 1967 1734; x_wconf 92' lang='lat' dir='ltr'>alii</span> <span class='ocrx_word' id='word_1_135' title='bbox 2004 1679 2234 1749; x_wconf 89' lang='lat' dir='ltr'>quilibet</span> 
     </span>
     <span class='ocr_line' id='line_1_17' title="bbox 402 1770 2235 1840; baseline 0.001 -17"><span class='ocrx_word' id='word_1_136' title='bbox 402 1778 823 1839; x_wconf 80' lang='lat' dir='ltr'>consequenteS‚</span> <span class='ocrx_word' id='word_1_137' title='bbox 856 1779 954 1824; x_wconf 90' lang='lat' dir='ltr'>aut</span> <span class='ocrx_word' id='word_1_138' title='bbox 983 1770 1243 1840; x_wconf 88' lang='lat' dir='ltr'>aequales</span> <span class='ocrx_word' id='word_1_139' title='bbox 1275 1788 1495 1840; x_wconf 88' lang='lat' dir='ltr'>semper</span> <span class='ocrx_word' id='word_1_140' title='bbox 1523 1770 1634 1824; x_wconf 89' lang='lat' dir='ltr'>sint</span> <span class='ocrx_word' id='word_1_141' title='bbox 1664 1770 1838 1840; x_wconf 90' lang='lat' dir='ltr'>priori</span> <span class='ocrx_word' id='word_1_142' title='bbox 1870 1780 2107 1826; x_wconf 86' lang='lat' dir='ltr'>externo</span> <span class='ocrx_word' id='word_1_143' title='bbox 2138 1790 2235 1826; x_wconf 90' lang='lat' dir='ltr'>an-</span> 
     </span>
     <span class='ocr_line' id='line_1_18' title="bbox 404 1861 2233 1933; baseline 0 -18"><span class='ocrx_word' id='word_1_144' title='bbox 404 1861 537 1931; x_wconf 88' lang='lat' dir='ltr'>gulo</span> <span class='ocrx_word' id='word_1_145' title='bbox 570 1861 753 1924; x_wconf 88' lang='lat' dir='ltr'>YBD,</span> <span class='ocrx_word' id='word_1_146' title='bbox 787 1870 883 1916; x_wconf 89' lang='lat' dir='ltr'>aut</span> <span class='ocrx_word' id='word_1_147' title='bbox 918 1861 1114 1915; x_wconf 93' lang='lat' dir='ltr'>saltem</span> <span class='ocrx_word' id='word_1_148' title='bbox 1148 1881 1262 1915; x_wconf 91' lang='lat' dir='ltr'>non</span> <span class='ocrx_word' id='word_1_149' title='bbox 1296 1861 1373 1915; x_wconf 93' lang='lat' dir='ltr'>ita</span> <span class='ocrx_word' id='word_1_150' title='bbox 1404 1862 1653 1916; x_wconf 89' lang='lat' dir='ltr'>minores</span> <span class='ocrx_word' id='word_1_151' title='bbox 1685 1880 1904 1932; x_wconf 89' lang='lat' dir='ltr'>semper</span> <span class='ocrx_word' id='word_1_152' title='bbox 1938 1863 2064 1926; x_wconf 89' lang='lat' dir='ltr'>sint,</span> <span class='ocrx_word' id='word_1_153' title='bbox 2100 1863 2233 1933; x_wconf 90' lang='lat' dir='ltr'>quin</span> 
     </span>
     <span class='ocr_line' id='line_1_19' title="bbox 402 1952 2235 2024; baseline 0.001 -17"><span class='ocrx_word' id='word_1_154' title='bbox 402 1970 599 2007; x_wconf 87' lang='lat' dir='ltr'>eorum</span> <span class='ocrx_word' id='word_1_155' title='bbox 624 1952 1009 2022; x_wconf 89' lang='lat' dir='ltr'>unusquisque</span> <span class='ocrx_word' id='word_1_156' title='bbox 1033 1953 1226 2022; x_wconf 89' lang='lat' dir='ltr'>major</span> <span class='ocrx_word' id='word_1_157' title='bbox 1249 1971 1467 2023; x_wconf 88' lang='lat' dir='ltr'>semper</span> <span class='ocrx_word' id='word_1_158' title='bbox 1493 1954 1564 2008; x_wconf 91' lang='lat' dir='ltr'>sit</span> <span class='ocrx_word' id='word_1_159' title='bbox 1589 1954 1827 2023; x_wconf 89' lang='lat' dir='ltr'>parvulo</span> <span class='ocrx_word' id='word_1_160' title='bbox 1851 1954 2117 2024; x_wconf 90' lang='lat' dir='ltr'>quopiam</span> <span class='ocrx_word' id='word_1_161' title='bbox 2142 1954 2235 2009; x_wconf 92' lang='lat' dir='ltr'>de-</span> 
     </span>
     <span class='ocr_line' id='line_1_20' title="bbox 330 2044 2234 2115; baseline 0.001 -17"><span class='ocrx_word' id='word_1_162' title='bbox 330 2047 332 2050; x_wconf 78' lang='grc'><strong>’</strong></span> <span class='ocrx_word' id='word_1_163' title='bbox 402 2044 628 2115; x_wconf 88' lang='lat' dir='ltr'>signato</span> <span class='ocrx_word' id='word_1_164' title='bbox 672 2053 838 2099; x_wconf 90' lang='lat' dir='ltr'>acuto</span> <span class='ocrx_word' id='word_1_165' title='bbox 882 2044 1092 2115; x_wconf 86' lang='lat' dir='ltr'>angulo</span> <span class='ocrx_word' id='word_1_166' title='bbox 1137 2046 1221 2099; x_wconf 83' lang='lat' dir='ltr'>K:</span> <span class='ocrx_word' id='word_1_167' title='bbox 1269 2046 1399 2099; x_wconf 92' lang='lat' dir='ltr'>Hoc</span> <span class='ocrx_word' id='word_1_168' title='bbox 1443 2045 1593 2099; x_wconf 90' lang='lat' dir='ltr'>enim</span> <span class='ocrx_word' id='word_1_169' title='bbox 1638 2054 1820 2100; x_wconf 88' lang='lat' dir='ltr'>stante</span> <span class='ocrx_word' id='word_1_170' title='bbox 1863 2045 2234 2101; x_wconf 81' lang='lat' dir='ltr'>manifestum</span> 
     </span>
     <span class='ocr_line' id='line_1_21' title="bbox 405 2135 2234 2207; baseline 0.001 -18"><span class='ocrx_word' id='word_1_171' title='bbox 405 2135 514 2199; x_wconf 85' lang='lat' dir='ltr'>fiet,</span> <span class='ocrx_word' id='word_1_172' title='bbox 553 2137 704 2205; x_wconf 92' lang='lat' dir='ltr'>quod</span> <span class='ocrx_word' id='word_1_173' title='bbox 739 2155 805 2190; x_wconf 92' lang='lat' dir='ltr'>ea</span> <span class='ocrx_word' id='word_1_174' title='bbox 841 2136 972 2200; x_wconf 88' lang='lat' dir='ltr'>XY,</span> <span class='ocrx_word' id='word_1_175' title='bbox 1011 2136 1068 2190; x_wconf 91' lang='lat' dir='ltr'>in</span> <span class='ocrx_word' id='word_1_176' title='bbox 1104 2154 1208 2191; x_wconf 90' lang='lat' dir='ltr'>suo</span> <span class='ocrx_word' id='word_1_177' title='bbox 1245 2135 1341 2191; x_wconf 92' lang='lat' dir='ltr'>illo</span> <span class='ocrx_word' id='word_1_178' title='bbox 1376 2145 1809 2207; x_wconf 88' lang='lat' dir='ltr'>quantocunque</span> <span class='ocrx_word' id='word_1_179' title='bbox 1843 2146 2003 2192; x_wconf 92' lang='lat' dir='ltr'>motu</span> <span class='ocrx_word' id='word_1_180' title='bbox 2038 2155 2234 2192; x_wconf 84' lang='lat' dir='ltr'>versus</span> 
     </span>
     <span class='ocr_line' id='line_1_22' title="bbox 404 2227 2235 2299; baseline 0.001 -17"><span class='ocrx_word' id='word_1_181' title='bbox 404 2236 591 2296; x_wconf 87' lang='lat' dir='ltr'>partes</span> <span class='ocrx_word' id='word_1_182' title='bbox 617 2227 806 2297; x_wconf 92' lang='lat' dir='ltr'>puncti</span> <span class='ocrx_word' id='word_1_183' title='bbox 836 2228 896 2291; x_wconf 88' lang='grc' dir='ltr'>Ζ,</span> <span class='ocrx_word' id='word_1_184' title='bbox 926 2246 1217 2298; x_wconf 88' lang='lat' dir='ltr'>nunquam</span> <span class='ocrx_word' id='word_1_185' title='bbox 1243 2227 1481 2283; x_wconf 89' lang='lat' dir='ltr'>cessabit</span> <span class='ocrx_word' id='word_1_186' title='bbox 1507 2246 1695 2283; x_wconf 90' lang='lat' dir='ltr'>secare</span> <span class='ocrx_word' id='word_1_187' title='bbox 1722 2228 2067 2299; x_wconf 88' lang='lat' dir='ltr'>praedictam</span> <span class='ocrx_word' id='word_1_188' title='bbox 2094 2228 2235 2294; x_wconf 83' lang='lat' dir='ltr'>AY;</span> 
     </span>
     <span class='ocr_line' id='line_1_23' title="bbox 403 2318 2229 2389; baseline -0.002 -15"><span class='ocrx_word' id='word_1_189' title='bbox 403 2319 554 2389; x_wconf 88' lang='lat' dir='ltr'>quod</span> <span class='ocrx_word' id='word_1_190' title='bbox 587 2318 780 2389; x_wconf 92' lang='lat' dir='ltr'>utique</span> <span class='ocrx_word' id='word_1_191' title='bbox 822 2319 926 2389; x_wconf 86' lang='lat' dir='ltr'>(ex</span> <span class='ocrx_word' id='word_1_192' title='bbox 956 2320 1323 2389; x_wconf 88' lang='lat' dir='ltr'>praecedente</span> <span class='ocrx_word' id='word_1_193' title='bbox 1354 2319 1582 2389; x_wconf 91' lang='lat' dir='ltr'>notato)</span> <span class='ocrx_word' id='word_1_194' title='bbox 1626 2320 1762 2374; x_wconf 88' lang='lat' dir='ltr'>satis</span> <span class='ocrx_word' id='word_1_195' title='bbox 1793 2329 1877 2375; x_wconf 90' lang='lat' dir='ltr'>est</span> <span class='ocrx_word' id='word_1_196' title='bbox 1909 2321 1980 2375; x_wconf 91' lang='lat' dir='ltr'>ad</span> <span class='ocrx_word' id='word_1_197' title='bbox 2014 2318 2229 2375; x_wconf 83' lang='lat' dir='ltr'>sta-[43]</span> 
     </span>
     <span class='ocr_line' id='line_1_24' title="bbox 405 2410 1688 2466; baseline 0.001 -2"><span class='ocrx_word' id='word_1_198' title='bbox 405 2410 712 2465; x_wconf 88' lang='lat' dir='ltr'>biliendum</span> <span class='ocrx_word' id='word_1_199' title='bbox 757 2410 1203 2466; x_wconf 89' lang='lat' dir='ltr'>Pronunciatum</span> <span class='ocrx_word' id='word_1_200' title='bbox 1246 2420 1688 2466; x_wconf 87' lang='lat' dir='ltr'>controversum.</span> 
     </span>
    </p>

    <p class='ocr_par' dir='ltr' id='par_1_4' title="bbox 404 2501 2236 3122">
     <span class='ocr_line' id='line_1_25' title="bbox 521 2501 2236 2572; baseline 0.001 -15"><span class='ocrx_word' id='word_1_201' title='bbox 521 2501 703 2557; x_wconf 90' lang='lat' dir='ltr'>Unice</span> <span class='ocrx_word' id='word_1_202' title='bbox 749 2501 922 2572; x_wconf 88' lang='lat' dir='ltr'>igitur</span> <span class='ocrx_word' id='word_1_203' title='bbox 965 2511 1235 2571; x_wconf 88' lang='lat' dir='ltr'>superest,</span> <span class='ocrx_word' id='word_1_204' title='bbox 1283 2511 1343 2557; x_wconf 89' lang='lat' dir='ltr'>ut</span> <span class='ocrx_word' id='word_1_205' title='bbox 1387 2502 1617 2572; x_wconf 89' lang='lat' dir='ltr'>quidam</span> <span class='ocrx_word' id='word_1_206' title='bbox 1661 2502 2043 2558; x_wconf 87' lang='lat' dir='ltr'>Adversarius</span> <span class='ocrx_word' id='word_1_207' title='bbox 2087 2504 2236 2560; x_wconf 89' lang='lat' dir='ltr'>dicat</span> 
     </span>
     <span class='ocr_line' id='line_1_26' title="bbox 404 2592 2236 2664; baseline 0.001 -17"><span class='ocrx_word' id='word_1_208' title='bbox 404 2592 643 2664; x_wconf 88' lang='lat' dir='ltr'>angulos</span> <span class='ocrx_word' id='word_1_209' title='bbox 679 2592 803 2647; x_wconf 91' lang='lat' dir='ltr'>illos</span> <span class='ocrx_word' id='word_1_210' title='bbox 840 2602 1106 2648; x_wconf 83' lang='lat' dir='ltr'>externos</span> <span class='ocrx_word' id='word_1_211' title='bbox 1140 2593 1197 2647; x_wconf 92' lang='lat' dir='ltr'>in</span> <span class='ocrx_word' id='word_1_212' title='bbox 1231 2593 1469 2662; x_wconf 88' lang='lat' dir='ltr'>majore,</span> <span class='ocrx_word' id='word_1_213' title='bbox 1506 2613 1571 2648; x_wconf 90' lang='lat' dir='ltr'>ac</span> <span class='ocrx_word' id='word_1_214' title='bbox 1604 2594 1829 2664; x_wconf 88' lang='lat' dir='ltr'>majore</span> <span class='ocrx_word' id='word_1_215' title='bbox 1863 2594 2132 2651; x_wconf 85' lang='lat' dir='ltr'>distantia</span> <span class='ocrx_word' id='word_1_216' title='bbox 2167 2595 2236 2650; x_wconf 90' lang='lat' dir='ltr'>ab</span> 
     </span>
     <span class='ocr_line' id='line_1_27' title="bbox 404 2684 2236 2754; baseline 0.002 -17"><span class='ocrx_word' id='word_1_217' title='bbox 404 2684 501 2739; x_wconf 91' lang='lat' dir='ltr'>illo</span> <span class='ocrx_word' id='word_1_218' title='bbox 535 2693 744 2754; x_wconf 89' lang='lat' dir='ltr'>puncto</span> <span class='ocrx_word' id='word_1_219' title='bbox 778 2684 831 2738; x_wconf 94' lang='lat' dir='ltr'><strong>A</strong></span> <span class='ocrx_word' id='word_1_220' title='bbox 866 2684 986 2738; x_wconf 90' lang='lat' dir='ltr'>fieri</span> <span class='ocrx_word' id='word_1_221' title='bbox 1022 2702 1241 2754; x_wconf 90' lang='lat' dir='ltr'>semper</span> <span class='ocrx_word' id='word_1_222' title='bbox 1275 2685 1523 2739; x_wconf 90' lang='lat' dir='ltr'>minores</span> <span class='ocrx_word' id='word_1_223' title='bbox 1557 2686 1678 2741; x_wconf 89' lang='lat' dir='ltr'>sine</span> <span class='ocrx_word' id='word_1_224' title='bbox 1711 2686 1826 2741; x_wconf 91' lang='lat' dir='ltr'>ullo</span> <span class='ocrx_word' id='word_1_225' title='bbox 1863 2686 2236 2741; x_wconf 89' lang='lat' dir='ltr'>determinato</span> 
     </span>
     <span class='ocr_line' id='line_1_28' title="bbox 406 2774 2236 2848; baseline 0.001 -19"><span class='ocrx_word' id='word_1_226' title='bbox 406 2774 596 2830; x_wconf 89' lang='lat' dir='ltr'>limite.</span> <span class='ocrx_word' id='word_1_227' title='bbox 667 2775 807 2830; x_wconf 92' lang='lat' dir='ltr'>Inde</span> <span class='ocrx_word' id='word_1_228' title='bbox 834 2784 1023 2831; x_wconf 89' lang='lat' dir='ltr'>autem</span> <span class='ocrx_word' id='word_1_229' title='bbox 1052 2775 1160 2839; x_wconf 88' lang='lat' dir='ltr'>fiet,</span> <span class='ocrx_word' id='word_1_230' title='bbox 1191 2785 1252 2830; x_wconf 90' lang='lat' dir='ltr'>ut</span> <span class='ocrx_word' id='word_1_231' title='bbox 1280 2776 1374 2831; x_wconf 86' lang='lat' dir='ltr'>illa</span> <span class='ocrx_word' id='word_1_232' title='bbox 1401 2776 1515 2830; x_wconf 88' lang='lat' dir='ltr'>XY</span> <span class='ocrx_word' id='word_1_233' title='bbox 1545 2777 1601 2831; x_wconf 91' lang='lat' dir='ltr'>in</span> <span class='ocrx_word' id='word_1_234' title='bbox 1629 2795 1734 2832; x_wconf 90' lang='lat' dir='ltr'>suo</span> <span class='ocrx_word' id='word_1_235' title='bbox 1761 2777 1857 2832; x_wconf 92' lang='lat' dir='ltr'>illo</span> <span class='ocrx_word' id='word_1_236' title='bbox 1882 2786 2042 2833; x_wconf 91' lang='lat' dir='ltr'>motu</span> <span class='ocrx_word' id='word_1_237' title='bbox 2070 2796 2236 2848; x_wconf 89' lang='lat' dir='ltr'>super</span> 
     </span>
     <span class='ocr_line' id='line_1_29' title="bbox 407 2867 2234 2939; baseline 0.002 -18"><span class='ocrx_word' id='word_1_238' title='bbox 407 2876 558 2922; x_wconf 89' lang='lat' dir='ltr'>recta</span> <span class='ocrx_word' id='word_1_239' title='bbox 599 2867 699 2921; x_wconf 91' lang='lat' dir='ltr'>AZ</span> <span class='ocrx_word' id='word_1_240' title='bbox 742 2886 1037 2922; x_wconf 88' lang='lat' dir='ltr'>occurrere</span> <span class='ocrx_word' id='word_1_241' title='bbox 1078 2869 1308 2923; x_wconf 91' lang='lat' dir='ltr'>tandem</span> <span class='ocrx_word' id='word_1_242' title='bbox 1349 2868 1547 2922; x_wconf 87' lang='lat' dir='ltr'>debeat</span> <span class='ocrx_word' id='word_1_243' title='bbox 1590 2868 1694 2938; x_wconf 90' lang='lat' dir='ltr'>ipsi</span> <span class='ocrx_word' id='word_1_244' title='bbox 1738 2868 1851 2923; x_wconf 85' lang='lat' dir='ltr'>AY</span> <span class='ocrx_word' id='word_1_245' title='bbox 1892 2868 1949 2924; x_wconf 91' lang='lat' dir='ltr'>in</span> <span class='ocrx_word' id='word_1_246' title='bbox 1989 2870 2234 2939; x_wconf 90' lang='lat' dir='ltr'>quodam</span> 
     </span>
     <span class='ocr_line' id='line_1_30' title="bbox 406 2958 2235 3030; baseline 0.002 -17"><span class='ocrx_word' id='word_1_247' title='bbox 406 2967 614 3029; x_wconf 88' lang='lat' dir='ltr'>puncto</span> <span class='ocrx_word' id='word_1_248' title='bbox 659 2959 706 3013; x_wconf 90' lang='lat' dir='ltr'>P</span> <span class='ocrx_word' id='word_1_249' title='bbox 747 2958 866 3013; x_wconf 89' lang='lat' dir='ltr'>sine</span> <span class='ocrx_word' id='word_1_250' title='bbox 909 2959 1024 3014; x_wconf 89' lang='lat' dir='ltr'>ullo</span> <span class='ocrx_word' id='word_1_251' title='bbox 1066 2959 1276 3030; x_wconf 85' lang='lat' dir='ltr'>angulo</span> <span class='ocrx_word' id='word_1_252' title='bbox 1317 2977 1445 3014; x_wconf 88' lang='lat' dir='ltr'>cum</span> <span class='ocrx_word' id='word_1_253' title='bbox 1487 2968 1780 3030; x_wconf 87' lang='lat' dir='ltr'>segmento</span> <span class='ocrx_word' id='word_1_254' title='bbox 1823 2960 1945 3023; x_wconf 77' lang='grc' dir='ltr'>ΡΥ,</span> <span class='ocrx_word' id='word_1_255' title='bbox 1990 2961 2132 3016; x_wconf 90' lang='lat' dir='ltr'>adeo</span> <span class='ocrx_word' id='word_1_256' title='bbox 2174 2970 2235 3016; x_wconf 88' lang='lat' dir='ltr'>ut</span> 
     </span>
     <span class='ocr_line' id='line_1_31' title="bbox 406 3050 2236 3122; baseline 0.002 -18"><span class='ocrx_word' id='word_1_257' title='bbox 406 3068 605 3120; x_wconf 86' lang='lat' dir='ltr'>nempe</span> <span class='ocrx_word' id='word_1_258' title='bbox 640 3059 993 3122; x_wconf 88' lang='lat' dir='ltr'>segmentum</span> <span class='ocrx_word' id='word_1_259' title='bbox 1028 3050 1312 3120; x_wconf 86' lang='lat' dir='ltr'>ejusmodi</span> <span class='ocrx_word' id='word_1_260' title='bbox 1347 3068 1643 3106; x_wconf 86' lang='lat' dir='ltr'>commune</span> <span class='ocrx_word' id='word_1_261' title='bbox 1679 3050 1751 3106; x_wconf 89' lang='lat' dir='ltr'>sit</span> <span class='ocrx_word' id='word_1_262' title='bbox 1785 3051 2026 3107; x_wconf 90' lang='lat' dir='ltr'>duarum</span> <span class='ocrx_word' id='word_1_263' title='bbox 2062 3060 2236 3107; x_wconf 84' lang='lat' dir='ltr'>recta-</span> 
     </span>
    </p>
   </div>
  </div>
 </body>
</html>
