2456 4016
460 306 701 353 stratum
730 296 819 362 sit,
850 297 1003 368 quod
1033 294 1301 353 distantia
1331 297 1573 353 duarum
1603 297 1739 363 AH,
1772 298 1885 354 AD
1916 298 1974 354 in
2004 297 2286 355 infinitum

458 390 864 461 productarum
898 388 1090 459 major
1125 406 1346 459 semper
1379 390 1584 445 evadat
1619 390 1767 446 ultra
1802 408 2030 446 omnem
2066 390 2286 447 finitum

459 479 865 552 designabilem
897 479 1149 535 limitem.

573 571 746 643 Quod
785 580 974 627 autem
1011 571 1307 641 praefatus
1346 571 1577 628 Clavius
1615 572 1750 628 satis
1790 590 1911 628 esse
1948 571 2286 643 judicaverit

456 662 754 718 veritatem
790 662 939 718 illius
975 662 1248 733 assumpti
1287 663 1360 717 ad
1396 662 1902 719 demonstrandum
1940 664 2286 720 Pronuncia-

403 788 405 790 ·
455 763 579 810 tum
609 755 698 809 hic
729 763 1189 819 controversum;
1221 749 1531 809 condonari
1565 754 1622 809 id
1655 755 1819 810 debet
1850 765 2284 826 praeconceptae

457 847 528 901 ab
559 846 683 917 ipso
714 845 914 902 Clavio
945 844 1197 916 opinioni
1230 844 1378 900 circa
1411 854 1589 901 rectas
1620 845 1795 900 lineas
1828 846 2282 916 aequidistanteS,

456 939 526 993 de
560 937 762 1008 quibus
799 937 856 991 in
892 945 1158 1006 sequente
1197 936 1426 992 Scholio
1460 936 1813 992 commodius
1849 955 2095 1008 agemus,

1153 1141 1490 1189 SCHOLION
1525 1143 1594 1213 Η.-

453 1264 525 1320 In
555 1282 666 1336 quo
700 1262 1041 1335 expenditur
1069 1262 1198 1319 idea
1225 1262 1544 1320 Clarissimi
1580 1263 1706 1320 Viri
1734 1264 1974 1321 Ioannis
2003 1265 2285 1337 Alphonsi

853 1354 1068 1410 Borelli
1095 1355 1154 1410 in
1181 1373 1285 1411 suo
1318 1355 1551 1411 Euclide
1582 1356 1882 1412 Restituto

570 1480 818 1537 Accusat
843 1479 1202 1536 doctissimus
1228 1480 1318 1535 hic
1343 1480 1562 1536 Auctor
1589 1481 1900 1547 Euclidem,
1928 1485 2079 1553 quod
2106 1493 2284 1539 rectas

453 1574 630 1629 lineas
660 1572 956 1644 parallelas
986 1590 1080 1627 eas
1110 1589 1231 1627 esse
1261 1571 1596 1637 definiverit,
1628 1591 1773 1644 quae
1800 1574 1861 1628 in
1890 1576 2087 1629 eodeni
2115 1576 2283 1645 plano

455 1663 762 1720 existentes
808 1682 925 1719 non
972 1671 1316 1718 concurrunt
1362 1664 1436 1718 ad
1484 1671 1752 1734 utrasque
1796 1673 2002 1735 parteS‚
2052 1665 2181 1721 licet
2225 1666 2284 1721 in

452 1754 736 1827 infinitum
800 1756 1202 1825 producantur.
1290 1754 1594 1810 Rationem
1658 1756 2030 1812 accusationis
2095 1758 2281 1823 affert,

454 1846 771 1919 quodtalis
812 1843 908 1898 [32]
951 1846 1140 1917 passio
1176 1845 1371 1917 ignota
1407 1846 1508 1901 sit:
1547 1855 1665 1901 tum
1702 1846 1851 1918 quia,
1890 1848 2086 1919 inquit,
2124 1849 2284 1920 iyno-

453 1957 664 2005 ramuS,
699 1957 774 1994 an
806 1939 946 1993 tales
976 1938 1157 1993 lineae
1187 1936 1444 2008 infinitae
1474 1956 1590 1993 non
1623 1948 2020 1995 concurrentes
2051 1939 2285 2012 reperiri

452 2029 673 2102 possint
716 2029 778 2085 in
822 2037 1055 2084 natura:
1105 2037 1223 2084 tum
1271 2028 1440 2084 etiarn
1486 2028 1621 2100 quia
1662 2029 1870 2101 infiniti
1912 2031 2285 2102 proprietates

452 2121 740 2194 percipere
786 2139 903 2176 non
948 2129 1267 2191 possumus,
1319 2128 1374 2175 et
1418 2119 1657 2191 proinde
1704 2140 1820 2176 non
1866 2131 1951 2177 est
1998 2121 2286 2179 evidenter

454 2213 683 2284 coynita
718 2212 907 2284 passio
948 2210 1248 2283 ejusmodi.

573 2305 686 2361 Sed
719 2322 855 2375 pace
889 2303 1033 2359 tanti
1067 2303 1196 2359 Viri
1233 2303 1447 2358 dictum
1481 2303 1583 2358 sit:
1622 2304 1916 2375 Numquid
1952 2307 2282 2376 reprehendi

453 2405 638 2468 potest
678 2395 959 2459 EuclideS,
1003 2396 1155 2465 quod
1194 2395 1534 2465 quadratum
1585 2395 1679 2466 (ut
1718 2415 1895 2451 unum
1936 2396 2081 2452 inter
2122 2398 2285 2454 innu-

451 2507 609 2544 mera
643 2487 964 2558 exemplum
997 2485 1323 2557 proferam)
1368 2485 1687 2541 definiverit
1718 2504 1839 2543 esse
1870 2488 2115 2558 fiyurani
2149 2508 2283 2561 qua-

452 2578 798 2644 drilaterain,
830 2577 1248 2648 aequilateram,
1279 2578 1694 2648 rectanyularn;
1724 2597 1853 2633 cum
1882 2580 2126 2636 dubitari
2157 2600 2283 2652 pos-

453 2671 542 2736 sit,
576 2689 649 2725 an
681 2670 865 2742 figura
897 2669 1180 2741 ejusmodi
1215 2669 1401 2723 locum
1434 2668 1635 2723 habeat
1669 2669 1726 2723 in
1759 2672 2001 2726 natura?
2073 2673 2282 2743 Repre-

452 2762 639 2827 hendi‚
676 2762 924 2832 inquam,
960 2759 1296 2831 aequissime
1330 2768 1547 2830 posset;
1581 2760 1645 2824 si,
1681 2770 1811 2816 ante
1844 2780 2071 2818 omnem
2106 2765 2282 2819 Prob-

451 2853 770 2909 lematicam
796 2851 1302 2908 demonstrativam
1330 2851 1823 2917 constructionem,
1856 2853 2097 2925 figuram
2124 2874 2282 2927 prae-

452 2945 662 3001 dictam
694 2943 1089 3015 assumpsisset
1120 2952 1392 3013 tanquam
1423 2943 1630 2998 datam.
1707 2943 1905 3014 Hujus
1938 2954 2127 3002 autem
2158 2946 2280 3002 vitii

452 3036 762 3092 immunem
806 3053 927 3091 esse
974 3033 1269 3090 Euclidem
1313 3053 1387 3089 ex
1431 3052 1498 3089 eo
1542 3033 1848 3090 manifeste
1892 3035 2081 3106 liquet,
2129 3040 2281 3108 quod

451 3145 732 3198 nusquam
768 3125 1077 3198 praesumit
1114 3125 1455 3196 quadratum
1491 3144 1525 3180 a
1562 3143 1621 3181 se
1657 3125 1969 3192 definitum,
2008 3128 2117 3183 nisi
2155 3139 2280 3200 post

455 3219 622 3290 Prop.
676 3218 765 3274 46.
819 3217 978 3273 Libri
1029 3216 1214 3288 primi,
1268 3216 1326 3272 in
1376 3234 1487 3287 qua
1537 3216 1937 3287 problematice
1984 3219 2163 3285 docet,
2216 3240 2280 3277 ac

1341 3517 1389 3552 86
