2456 4016
479 291 740 347 innititur
765 291 1028 347 Euclides
1054 298 1181 361 post
1204 288 1801 362 vigesimamoctavam
1825 288 1912 346 sui
1936 287 2094 344 Libri
2119 287 2305 360 primi,

478 382 852 439 manifestum
898 392 983 438 est
1030 381 1291 438 omnibus
1339 381 1674 446 GeometriS,
1724 381 1904 436 solam
1950 379 2305 451 hypothesim

480 474 673 546 anguli
711 474 846 530 recti
881 491 1002 529 esse
1037 491 1248 538 veram,
1286 490 1389 528 nec
1423 472 1602 529 ullum
1636 472 1875 543 relinqui
1911 471 2099 527 locum
2133 472 2310 543 hypo-

481 565 626 622 thesi
664 565 857 637 anguli
897 565 1099 621 obtusi.
1180 558 1366 636 Igitur
1404 563 1731 635 hypothesis
1769 562 1962 635 anguli
2002 561 2188 618 obtusi
2226 569 2312 618 est

483 656 739 713 absolute
767 657 930 721 falsa,
960 656 1092 727 quia
1119 674 1178 711 se
1206 656 1387 726 ipsam
1413 655 1666 711 destruit.
1736 655 1909 727 Quod
1934 662 2056 709 erat
2081 654 2313 709 demon-

485 749 797 804 strandum.
837 744 933 800 [20]

602 839 803 904 Aliter,
832 857 897 894 ac
921 838 1104 910 magis
1131 837 1469 894 immediate.
1537 836 2017 909 Quandoquidem
2041 855 2115 892 ex
2139 838 2317 909 hypo-

487 930 631 987 thesi
656 931 849 1003 anguli
876 931 1062 986 obtusi
1089 930 1603 986 demonstravimus
1639 929 1730 1001 (in
1755 947 1907 984 nona
1932 928 2137 999 hujus)
2174 929 2317 984 duos

498 1022 623 1095 (fig.
658 1023 780 1093 11.)
818 1031 1013 1078 acutos
1042 1021 1281 1093 angulos
1309 1021 1578 1093 trianguli
1609 1021 1792 1086 APX,
1825 1020 2135 1091 rectanguli
2164 1019 2223 1075 in
2253 1020 2317 1084 P,

489 1114 742 1186 majores
774 1132 895 1169 esse
929 1132 1043 1169 uno
1078 1123 1260 1180 recto;
1294 1122 1514 1168 constat
1546 1113 1717 1168 talem
1750 1112 1961 1168 assumi
1995 1129 2159 1182 posse
2192 1129 2320 1166 acu-

491 1215 613 1261 tum
661 1206 934 1277 angulum
985 1205 1166 1270 PAD,
1217 1205 1312 1275 qui
1361 1204 1527 1260 simul
1576 1223 1706 1260 cum
1752 1203 2053 1275 praedictis
2102 1203 2322 1259 duobus

492 1296 671 1353 acutis
699 1297 922 1369 angulis
951 1298 1094 1352 duos
1124 1305 1306 1352 rectos
1333 1296 1550 1352 efficiat.
1621 1297 1785 1351 Tunc
1814 1304 2003 1351 autem
2031 1303 2183 1350 recta
2210 1294 2324 1349 AD

494 1389 721 1444 deberet
756 1389 861 1460 (ex
886 1389 1270 1459 praecedente,
1299 1387 1468 1459 juxta
1494 1387 1853 1459 hypothesim
1879 1386 2071 1458 anguli
2098 1385 2316 1457 obtusi)

495 1480 801 1551 aliquando
844 1498 1180 1536 concurrere
1226 1498 1355 1535 cum
1401 1479 1522 1549 ipsa
1569 1480 1684 1544 PL,
1733 1479 1852 1534 sive
1898 1478 2023 1543 XL,
2072 1486 2326 1549 respectu

496 1571 690 1627 habito
721 1572 794 1627 ad
826 1580 1125 1635 secantem,
1162 1570 1279 1626 sive
1312 1570 1652 1626 incidentem
1683 1570 1818 1636 AP;
1850 1571 2002 1640 quod
2034 1578 2118 1624 est
2148 1569 2328 1625 mani-

500 1662 713 1719 festum
749 1663 1058 1718 absurdum
1093 1672 1291 1718 contra
1327 1662 1903 1732 decimamseptimam
1939 1660 2122 1732 primi,
2162 1661 2208 1715 si
2245 1679 2330 1716 re-

500 1754 702 1825 spicias
726 1756 798 1810 ad
822 1764 1121 1819 secantem,
1148 1754 1265 1810 sive
1288 1753 1627 1809 incidentem
1652 1753 1780 1807 AX.

1148 1960 1551 2008 PROPOSITIO
1585 1961 1692 2006 XV.

504 2069 600 2125 Ex
629 2068 879 2141 quolibet
909 2068 1192 2141 trianyulo
1222 2069 1400 2136 ABG,
1434 2069 1601 2141 cujus
1633 2078 1746 2125 tres
1774 2069 1945 2125 simul
1974 2068 2169 2140 anguli
2208 2069 2331 2140 (fiy.

665 2161 787 2233 13.)
828 2163 1091 2233 aequales
1118 2160 1249 2228 sint,
1281 2170 1382 2217 aut
1408 2161 1677 2233 majoreS,
1710 2168 1810 2217 aut
1837 2160 2087 2216 minores
2117 2161 2339 2216 duobus

662 2251 847 2320 rectiS,
897 2251 1182 2308 stabilitur
1228 2251 1537 2324 respective
1586 2252 1914 2325 hypothesis
1981 2260 2080 2307 aut
2147 2250 2342 2323 anguli

663 2343 819 2411 recti,
853 2353 952 2400 aut
984 2345 1179 2416 anyuli
1210 2343 1412 2410 obtusi,
1447 2353 1546 2400 aut
1577 2342 1772 2415 anyuli
1803 2342 1967 2399 acuti.

629 2481 1084 2538 Demonstratur.
1168 2481 1321 2537 Nam
1358 2483 1474 2538 duo
1511 2482 1711 2538 saltem
1749 2483 1897 2539 illius
1936 2483 2206 2555 trianguli
2245 2502 2343 2539 an-

514 2572 648 2644 guli,
679 2582 742 2629 ut
769 2582 905 2644 puta
931 2575 1003 2629 ad
1032 2582 1239 2644 puncta
1267 2573 1338 2638 A,
1370 2582 1425 2628 et
1454 2574 1517 2638 C,
1548 2574 1696 2630 acuti
1725 2583 1907 2639 erunt,
1939 2583 2170 2646 propter
2198 2574 2345 2631 deci-

513 2665 968 2735 mamseptimam
1014 2665 1196 2736 primi.
1286 2664 1480 2736 Quare
1526 2665 2020 2737 perpendiculariS,
2070 2686 2143 2721 ex
2190 2665 2345 2737 apice

518 2756 717 2827 reliqui
747 2756 939 2828 anguli
972 2757 1019 2811 B
1049 2758 1122 2812 ad
1152 2756 1333 2827 ipsam
1362 2756 1468 2814 AC
1498 2755 1759 2822 demissa,
1791 2757 2000 2813 secabit
2030 2758 2212 2828 ipsam
2241 2756 2348 2813 AC

528 2848 791 2919 (propter
839 2849 1076 2904 eandem
1126 2847 1704 2919 decimamseptimam
1751 2848 1952 2920 primi)
2032 2849 2090 2905 in
2158 2849 2347 2921 aliquo

518 2948 730 3010 puncto
756 2939 1093 2995 intermedio
1120 2940 1190 2994 D.
1263 2939 1323 2996 Si
1350 2958 1490 3011 ergo
1514 2948 1630 2995 tres
1657 2939 1850 3011 anguli
1877 2939 2052 3011 ipsius
2078 2940 2347 3012 trianguli

521 3030 680 3088 ABC
704 3040 1094 3102 supponantur
1119 3031 1379 3102 aequales
1405 3031 1626 3087 duobus
1654 3031 1836 3096 rectis,
1855 3039 2075 3087 constat
2091 3031 2350 3103 aequales
