2456 4016
459 317 588 355 cum
614 299 710 354 illo
736 308 946 370 puncto
971 300 1169 355 altiore
1196 300 1478 371 majorem
1504 302 1776 374 angulum
1802 304 2136 360 effecturam
2162 323 2289 360 cum

461 390 581 460 ipsa
613 390 736 455 AB,
769 408 940 462 quam
972 391 1044 446 sit
1073 392 1314 463 angulus
1347 392 1520 447 ΒΑΡ.
1591 393 1780 464 Atque
1812 394 1890 449 ita
1920 413 2139 465 semper
2170 396 2288 450 sine

459 481 575 536 ullo
600 481 845 537 termino
872 482 1190 537 intrinseco,
1261 483 1453 555 Quare
1480 484 1720 556 angulus
1748 485 1913 539 BAX
1951 485 2119 557 (dum
2146 486 2290 541 scili-

460 582 546 627 cet
581 572 703 643 ipsa
738 573 868 638 AX,
906 582 961 628 et
996 592 1216 644 semper
1250 576 1478 629 accedat
1513 577 1585 631 ad
1621 595 1745 631 eam
1781 577 1906 641 ΒΧ,
1943 587 1998 632 et
2031 596 2146 632 non
2180 578 2288 633 nisi

460 665 532 719 ad
563 664 843 720 infinitam
873 665 1202 720 distantiam
1233 665 1290 719 in
1321 666 1557 721 eandem
1587 667 1830 738 incidat)
1869 668 1976 723 erit
2004 669 2163 724 limes
2195 688 2290 724 ex-

459 755 735 811 trinsecus
763 765 1060 812 acutorum
1088 756 1344 813 omnium
1372 758 1727 829 angulorum,
1748 759 1851 814 sub
1879 759 2078 830 quibus
2109 770 2290 816 rectae

460 848 692 903 eductae
724 867 796 902 ex
828 848 923 903 illo
953 857 1162 918 puncto
1194 848 1248 902 A
1279 850 1351 904 ad
1384 849 1601 904 finitam
1632 850 1959 906 distantiam
1990 862 2289 908 occurrunt

460 938 779 1009 praedictae
805 939 928 994 ΒΧ.

1082 1127 1485 1175 PROPOSITIO
1515 1128 1671 1173 XXX.

461 1237 658 1295 Cuivis
683 1239 1016 1296 terminatae
1030 1242 1138 1296 ΑΒ
1163 1241 1389 1299 insistat
1412 1245 1485 1299 ad
1507 1244 1968 1316 perpendiculum
2004 1246 2129 1317 (fiq.
2160 1246 2283 1316 36.)

614 1334 892 1402 quaedam
937 1332 1233 1404 indefinita
1274 1335 1400 1390 ΒΧ.
1486 1335 1631 1391 Dico
1675 1336 1859 1407 primo
1905 1345 2116 1392 rectam
2158 1337 2290 1403 AY,

614 1423 1155 1494 perpendiculariter
1185 1427 1458 1482 elevatam
1492 1446 1691 1483 versus
1721 1436 1912 1498 partes
1944 1429 2168 1484 easdem
2201 1448 2292 1483 su-

613 1523 716 1584 per
748 1515 847 1570 illa
878 1516 1005 1582 AB,
1041 1517 1174 1588 fore
1210 1517 1443 1573 limitem
1482 1538 1657 1574 unum
1694 1518 2060 1575 intrinsecum
2099 1540 2289 1575 earum

617 1607 889 1674 omnium,
928 1627 1071 1678 quae
1109 1628 1182 1664 ex
1216 1608 1312 1665 illo
1348 1619 1556 1680 puncto
1602 1606 1698 1662 [65]
1740 1611 1792 1664 Α
1833 1630 2034 1667 versus
2068 1613 2291 1667 easdem
2356 1654 2359 1657 -

614 1706 805 1768 partes
841 1700 1075 1755 eductae
1110 1719 1408 1757 commune
1444 1700 1674 1772 aliquod
1721 1702 1922 1773 (juxta
1957 1702 2293 1775 hypothesin

616 1790 813 1860 anyuli
852 1791 1034 1862 acuti)
1086 1790 1147 1847 in
1189 1793 1411 1848 duobus
1453 1792 1734 1848 distinctis
1775 1794 1999 1864 punctis
2042 1794 2293 1851 obtinent

614 1881 1076 1952 perpendiculum
1115 1902 1241 1938 cum
1281 1885 1458 1939 altera
1494 1884 1788 1956 indefinita
1821 1886 1947 1940 ΒΧ.
2026 1885 2171 1942 Dico
2208 1905 2293 1942 se·-

617 1974 800 2029 cundo
840 1976 1056 2030 nullum
1094 1974 1227 2046 fore
1263 1984 1489 2031 acutum
1529 1978 1799 2047 anqulum
1840 1976 2091 2033 omnium
2130 1977 2293 2034 mini-

615 2084 790 2131 mum,
829 2067 933 2121 sub
973 2085 1084 2137 quo
1126 2068 1328 2122 educta
1366 2087 1439 2122 ex
1475 2067 1762 2138 praedicto
1801 2077 2008 2139 puncto
2047 2069 2099 2123 A
2143 2089 2293 2125 com-

616 2176 786 2212 mune
809 2157 1041 2228 aliquod
1074 2158 1276 2229 (juxta
1296 2158 1641 2229 praedictam
1667 2159 2035 2231 hypothesin)
2070 2160 2130 2215 in
2155 2163 2293 2216 duo—

618 2249 722 2303 bus
767 2248 1049 2304 distinctis
1094 2249 1318 2320 punctis
1366 2250 1615 2306 obtineat
1658 2251 2118 2321 perpendiculum
2167 2271 2291 2308 cum

619 2341 813 2395 eadem
849 2341 976 2395 ΒΧ.

581 2472 1021 2529 Demonstratur
1062 2474 1246 2544 prima
1288 2493 1432 2545 parS.
1520 2475 1806 2547 Quoniam
1851 2476 2001 2532 enim
2044 2477 2138 2532 illa
2181 2477 2291 2531 AY

464 2581 762 2619 commune
801 2565 1016 2620 obtinet
1055 2584 1183 2621 cum
1223 2566 1399 2621 altera
1442 2566 1548 2621 ΒΧ
1588 2568 2049 2637 perpendiculum
2090 2569 2195 2623 AB
2238 2569 2292 2623 in
