2456 4016
435 297 813 358 KM-[681LK
846 310 1089 371 quatuor
1125 301 1291 357 simul
1326 302 1519 373 anguli
1554 304 1813 373 aequales
1850 305 1977 367 sint,
2015 312 2112 358 aut
2145 320 2262 358 ma-

432 391 588 462 jores
613 400 858 462 quatuor
883 393 1064 457 rectiS‚
1084 402 1282 448 contra
1306 394 1663 464 hypothesim
1688 395 1879 466 anguli
1906 394 2070 459 acuti,
2098 394 2263 465 juxta

434 500 604 553 quam
634 484 1007 553 procedimus,
1080 484 1296 540 Omnes
1328 484 1502 556 igitur
1531 485 1862 556 hujusmodi
1893 486 2085 556 anguli
2116 485 2263 541 acuti

434 583 599 629 erunt
631 594 828 630 versus
861 584 1049 645 partes
1082 576 1273 646 puncti
1305 577 1355 629 L
1372 596 1384 642 ;
1417 595 1482 631 ac
1514 586 1810 647 propterea
1843 595 2038 631 omnes
2071 577 2263 632 itidem

433 667 506 720 ad
536 666 631 721 illa
661 676 868 737 puncta
898 666 1084 722 obtusi
1115 686 1312 722 versus
1344 677 1531 737 partes
1563 669 1752 738 puncti
1785 668 1854 722 A.
1929 669 2122 739 Quare
2163 668 2265 739 (ex

436 758 565 813 Cor.
617 757 662 812 I.
712 768 840 828 post
889 760 937 814 3.
990 758 1196 828 hujus)
1255 759 1671 829 praedictarum
1718 759 2265 829 perpendicularium

433 849 670 905 minima
711 850 941 920 quidem
985 850 1092 905 erit
1136 852 1246 904 KL
1290 850 1561 905 remotior
1605 871 1638 906 a
1680 851 1801 906 basi
1847 851 1969 915 AB,
2015 851 2263 905 maxima

434 941 561 995 KM
586 941 958 1011 propinquior
983 942 1166 996 eidem
1191 942 1339 1008 basi;
1367 942 1711 1012 reliquarum
1736 961 1872 997 vero
1898 943 2265 1012 propinquior

435 1032 739 1087 remotiore
778 1051 999 1103 semper
1036 1033 1227 1104 major
1267 1033 1386 1088 erit.
1470 1033 1653 1105 Igitur
1704 1035 1809 1105 (ex
1846 1053 1973 1089 mea
2012 1035 2261 1104 praeced.

433 1124 523 1178 24.
573 1124 811 1194 ejusque
859 1125 1103 1195 Coroll.)
1159 1135 1402 1194 quatuor
1449 1126 1615 1180 simul
1662 1125 1855 1196 anguli
1902 1125 2264 1195 quadrilateri

435 1216 672 1270 KHLK
696 1216 1017 1271 remotioris
1041 1236 1073 1271 a
1097 1216 1216 1271 basi
1240 1217 1345 1270 AB
1370 1217 1620 1287 majores
1645 1227 1810 1272 erunt
1835 1226 2078 1287 quatuor
2102 1217 2266 1272 simul

433 1307 657 1378 angulis
696 1307 1043 1377 reliquorum
1081 1308 1338 1363 omnium
1376 1309 1889 1378 quadrilaterorum
1929 1309 2110 1363 eidem
2148 1308 2266 1363 basi

433 1397 864 1468 proximiorum.
957 1400 1150 1470 Quare
1209 1400 1408 1470 (prout
1477 1400 1668 1455 XXV.
1719 1400 1925 1470 hujus)
1985 1401 2266 1455 destructa

433 1500 688 1545 maneret
717 1491 1045 1560 hypothesis
1076 1492 1268 1562 anguli
1300 1491 1463 1546 acuti.

551 1581 706 1652 Itaq;
733 1592 954 1637 constat
980 1583 1198 1637 nullum
1227 1583 1354 1638 fore
1380 1584 1799 1653 praedictorum
1827 1584 1884 1637 in
1912 1584 2130 1638 duobus
2158 1584 2266 1638 dis-

434 1674 623 1728 tinctis
659 1674 880 1743 punctis
917 1674 1304 1729 communium
1339 1675 1868 1744 perpendiculorum
1905 1675 2140 1730 limitem
2176 1676 2270 1730 de-

436 1765 833 1830 derminatum,
868 1785 980 1835 quo
1010 1766 1198 1821 minus
1230 1767 1334 1821 sub
1361 1767 1598 1831 minore,
1633 1786 1697 1821 ae
1726 1767 1945 1821 minore
1977 1776 2142 1821 acuto
2173 1786 2270 1821 an-

436 1857 586 1927 guIO,
617 1858 689 1912 ad
717 1857 855 1912 illud
882 1867 1153 1927 punctum
1180 1858 1236 1911 A
1262 1858 1585 1922 constitum,
1617 1858 1869 1913 deveniri
1898 1877 2117 1928 semper
2144 1876 2269 1928 pos-

437 1948 509 2003 sit
555 1948 756 2019 (juxta
791 1950 1130 2019 hypothesin
1167 1950 1359 2020 anguli
1397 1950 1578 2019 acuti)
1625 1951 1697 2004 ad
1733 1950 1844 2004 tale
1879 1968 2175 2005 commune
2213 1950 2268 2003 in

436 2040 656 2095 duobus
695 2040 973 2095 distinctis
1011 2041 1231 2110 punctis
1269 2041 1746 2111 perpendiculum,
1786 2042 1938 2111 quod
1976 2041 2048 2096 sit
2083 2041 2268 2095 minus

436 2131 683 2202 qualibet
718 2132 1006 2203 assignata
1042 2133 1397 2203 longitudine
1433 2133 1500 2186 R.
1579 2133 1750 2203 Quod
1785 2142 1905 2187 erat
1941 2142 2041 2187 ete.
2203 2121 2209 2126 ’

1031 2296 1434 2342 PROPOSITIO
1469 2296 1676 2340 XXXII.

437 2403 566 2458 Jam
598 2402 723 2458 a'ico
755 2422 931 2458 umam
963 2403 1204 2474 aliquem
1234 2405 1367 2475 fore
1408 2403 1499 2475 (in
1530 2404 1829 2476 hypothesi
1859 2403 2053 2475 anyuli
2082 2402 2263 2474 acuti)

592 2494 1029 2550 determinatum
1054 2504 1280 2550 acutum
1305 2497 1575 2565 anyulum
1598 2496 1784 2562 BAX,
1808 2497 1911 2550 sub
1936 2515 2046 2566 quo
2074 2497 2271 2551 educta

590 2586 709 2640 AX
750 2587 874 2657 (fiy.
909 2587 1033 2657 33.)
1075 2606 1191 2641 non
1220 2586 1331 2642 nisi
1361 2588 1433 2642 ad
1464 2587 1744 2658 infinitam
1777 2587 2104 2642 distantiam
2136 2585 2271 2641 inci-

593 2678 692 2733 dat
728 2677 788 2733 in
826 2697 949 2733 eam
987 2679 1114 2744 ΒΧ,
1155 2697 1219 2733 ac
1256 2687 1558 2749 propterea
1593 2677 1668 2733 sit
1704 2679 1827 2748 ipsa
1866 2678 2027 2734 limes
2064 2678 2270 2749 partim

592 2768 946 2836 intrinsecuS,
977 2770 1184 2839 partim
1217 2768 1596 2837 extrinsecus,;
1627 2779 1744 2825 tum
1777 2789 1969 2825 earum
2002 2768 2271 2835 omnium,

593 2880 737 2931 quae
765 2863 869 2916 sub
899 2861 1216 2916 minoribus
1246 2861 1426 2916 acutis
1456 2860 1680 2931 anyulis
1709 2863 1781 2916 ad
1810 2862 2029 2932 finitam
2062 2861 2271 2916 distan-

594 2952 730 3008 tiam
756 2952 1013 3007 incidunt
1039 2952 1099 3008 in
1123 2952 1471 3023 praedictam
1498 2953 1609 3007 ΒΧ
1616 2973 1637 3019 ,·
1667 2961 1785 3007 tam
1815 2952 1983 3007 etiam
2013 2952 2269 3018 aliarum,

1326 3520 1395 3555 168
