2456 4016
560 268 1015 323 Demonstratur.
1092 267 1152 323 Si
1184 267 1335 322 enim
1365 268 1625 338 aequales
1657 269 1768 323 sint
1799 268 1952 338 ipsae
1983 268 2105 333 AB,
2141 269 2275 332 CD;

442 368 664 415 constat
697 359 802 430 (ex
824 359 874 414 2.
903 358 1109 429 hujus)
1144 346 1504 424 rectam'LK,
1532 378 1565 414 a
1589 378 1699 430 qua
1723 359 1995 415 bifariam
2019 359 2276 416 dividan-

442 460 536 514 tur
568 451 695 505 illae
727 452 872 506 duae
904 451 1026 515 AC,
1061 460 1115 505 et
1147 451 1270 515 BD,
1306 469 1604 506 commune
1640 452 1767 506 fore
1799 451 2012 506 eisdem
2043 470 2276 522 perpen-

444 542 708 598 diculum.
787 542 888 599 Sin
922 560 1059 597 vero
1093 542 1366 597 alterutra
1400 542 1472 597 sit
1503 543 1709 613 major,
1747 551 1808 598 ut
1842 551 1978 613 puta
2011 542 2147 620 AB:
2183 543 2277 599 de-

443 634 704 689 mittatur
741 635 813 689 ad
852 634 959 688 BD
1009 634 1210 704 (juxta
1251 634 1337 688 12.
1381 634 1581 704 primi)
1629 653 1703 689 ex
1741 634 1943 705 quovis
1982 643 2190 704 puncto
2226 635 2276 689 L

444 724 620 795 ipsius
651 725 757 782 AC
785 725 1264 796 perpendicularis
1293 726 1420 789 LK,
1453 745 1753 781 occurrens
1785 725 1945 780 alteri
1976 726 2083 780 BD
2114 725 2172 781 in
2203 727 2275 781 K.

446 816 723 873 Occurret
773 826 962 872 autern
1013 816 1070 871 in
1121 816 1310 887 aliquo
1359 826 1568 887 puncto
1618 819 1691 881 K,
1744 817 2084 873 consistente
2133 817 2279 873 inter

445 917 652 978 puncta
694 908 758 972 B,
803 917 857 962 et
899 909 983 974 D;
1025 928 1094 963 ne
1146 908 1376 979 (contra
1421 907 1505 964 17.
1550 908 1751 979 primi)
1803 909 2279 979 perpendicularis

446 1000 556 1054 LK
588 1008 735 1054 secet
767 999 1100 1055 alterutram
1133 999 1255 1065 AB,
1292 1009 1389 1055 aut
1421 1001 1542 1065 CD‚
1576 1000 2065 1071 perpendiculares
2098 999 2279 1057 eidem

447 1091 569 1145 BD.
648 1090 709 1147 Si
744 1110 882 1162 ergo
915 1090 1108 1162 anguli
1142 1092 1214 1146 ad
1248 1100 1518 1162 punctum
1551 1093 1601 1146 L
1635 1091 1769 1147 recti
1804 1111 1919 1147 non
1953 1100 2099 1157 sunt,
2135 1110 2280 1148 unus
2339 1157 2350 1169 .

447 1200 645 1238 eorum
683 1191 880 1238 acutus
919 1182 1041 1247 erit,
1083 1191 1138 1238 et
1175 1183 1318 1238 alter
1355 1183 1603 1239 obtusus
1689 1183 1776 1240 Sit
1812 1184 2047 1239 obtusus
2084 1202 2281 1240 versus

447 1282 718 1344 punctum
748 1274 809 1330 C.
879 1274 1011 1345 Jam
1039 1293 1176 1330 vero
1205 1274 1553 1346 intelligatur
1581 1277 1692 1330 LK
1720 1275 1799 1330 ita
1826 1276 2129 1345 procedere
2157 1294 2282 1331 ver-

447 1383 543 1420 sus
573 1365 697 1430 AB,
729 1374 791 1421 ut
821 1384 1041 1436 semper
1070 1367 1141 1421 ad
1173 1375 1354 1422 rectos
1385 1367 1623 1438 angulos
1655 1367 1878 1422 insistat
1907 1367 2012 1438 ipsi
2044 1368 2167 1432 BD,
2200 1376 2283 1423 at-

448 1475 556 1527 que
599 1457 734 1513 item
777 1466 1094 1528 opportune
1137 1467 1316 1522 aucta,
1362 1468 1460 1514 aut
1502 1458 1817 1523 imminuta,
1863 1458 1921 1513 in
1963 1459 2152 1529 aliquo
2196 1458 2280 1515 sui

448 1558 657 1618 puncto
681 1558 829 1604 secet
854 1558 1064 1604 rectam
1089 1549 1210 1605 AC.
1259 1550 1498 1606 Constat
1523 1551 1762 1621 angulos
1788 1552 1859 1606 ad
1883 1560 2090 1621 puncta
2113 1550 2284 1606 inter-

449 1640 659 1696 sectiva
699 1640 874 1711 ipsius
915 1640 1021 1697 AC
1060 1660 1175 1696 non
1216 1660 1380 1712 posse
1420 1661 1616 1697 omnes
1656 1661 1777 1698 esse
1817 1643 2048 1698 obtusos
2086 1661 2283 1699 versus

449 1741 637 1802 partes
669 1732 860 1803 puncti
897 1733 960 1797 C,
996 1752 1066 1788 ne
1099 1735 1329 1789 tandem
1364 1734 1422 1788 in
1456 1734 1579 1804 ipso
1613 1744 1822 1805 puncto
1855 1734 1925 1799 A,
1963 1736 2099 1791 dum
2135 1745 2282 1791 recta

448 1823 560 1879 LK
589 1833 864 1895 congruet
895 1844 1024 1880 cum
1056 1834 1207 1880 recta
1239 1825 1361 1890 AB,
1395 1826 1636 1897 angulus
1669 1828 1740 1882 ad
1773 1836 2043 1897 punctum
2075 1827 2131 1881 A
2161 1846 2284 1882 ver-

451 1933 545 1970 sus
574 1925 762 1985 partes
790 1917 981 1987 puncti
1012 1917 1058 1973 C
1086 1916 1158 1972 sit
1186 1917 1437 1982 obtusuS,
1470 1936 1599 1973 cum
1627 1919 1699 1974 ad
1729 1937 1823 1973 eas
1852 1927 2039 1989 partes
2069 1919 2285 1989 positus

451 2006 524 2062 sit
557 2016 769 2062 acutus,
847 2008 1136 2079 Quoniam
1170 2028 1307 2080 ergo
1341 2009 1582 2081 angulus
1617 2010 1689 2065 ad
1724 2020 1993 2081 punctum
2025 2011 2077 2065 L
2111 2010 2285 2081 ipsius

451 2098 560 2153 LK
587 2098 803 2181 positus
833 2109 916 2155 est
943 2100 1177 2155 obtusus
1205 2119 1403 2156 versus
1431 2110 1619 2171 partes
1647 2102 1837 2172 puncti
1868 2102 1930 2166 C,
1961 2121 2075 2157 non
2103 2111 2286 2158 trans-

452 2190 553 2246 ibit
599 2191 656 2245 in
700 2210 768 2246 eo
812 2200 972 2247 motu
1019 2201 1170 2247 recta
1212 2193 1324 2247 LK
1370 2194 1442 2248 ad
1490 2193 1816 2250 faciendum
1861 2194 1919 2249 in
1964 2194 2153 2265 aliquo
2200 2194 2284 2251 sui

452 2291 661 2353 puncto
685 2302 814 2338 curn
839 2292 991 2339 recta
1015 2283 1121 2340 AC
1145 2284 1417 2355 angulum
1442 2293 1670 2341 acutum
1694 2304 1892 2341 versus
1916 2295 2104 2357 partes
2129 2305 2287 2357 prae-

453 2373 586 2429 dicti
631 2374 821 2445 puncti
866 2375 928 2439 C,
973 2375 1081 2429 nisi
1124 2375 1280 2446 prius
1321 2384 1574 2432 transeat
1615 2377 1687 2432 ad
1730 2377 2187 2434 constituendum
2231 2378 2285 2433 in

453 2465 644 2536 aliquo
673 2465 758 2521 sui
787 2475 995 2536 puncto
1025 2485 1153 2522 curn
1181 2468 1378 2522 eadem
1408 2467 1513 2524 AC
1543 2468 1815 2539 angulum
1846 2479 2062 2525 rectum
2091 2489 2287 2526 versus

454 2565 642 2627 partes
676 2556 937 2628 ejusdem
970 2558 1161 2628 puncti
1198 2558 1259 2615 C.
1337 2558 1464 2614 Erit
1497 2559 1673 2631 igitur
1706 2560 1853 2615 inter
1885 2570 2092 2631 puncta
2126 2561 2196 2626 A,
2234 2570 2288 2617 et

455 2649 505 2702 L
544 2666 722 2704 unum
762 2648 992 2719 aliquod
1034 2658 1303 2719 punctum
1346 2650 1745 2707 intermedium
1788 2654 1866 2717 H,
1912 2652 1969 2707 in
2011 2672 2123 2723 quo
2166 2655 2287 2709 HK

455 2739 934 2810 perpendicularis
978 2740 1083 2810 ipsi
1128 2741 1234 2795 BD
1279 2741 1351 2796 sit
1393 2741 1563 2797 etiam
1606 2743 2084 2813 perpendicularis
2128 2744 2286 2800 alteri

455 2831 574 2887 AC.
2095 2830 2291 2888 3‘*<3‘⁷⁴3

576 2923 758 2979 Simili
783 2925 956 2980 modo
981 2926 1311 2981 ostendetur
1335 2926 1531 2981 adesse
1556 2926 1803 2997 aliquam
1828 2928 1945 2982 XK
1970 2927 2115 2983 inter
2140 2927 2288 2999 ipsas

459 3014 584 3079 LK,
629 3015 750 3079 CD‚
792 3033 935 3085 quae
975 3015 1046 3071 sit
1086 3016 1563 3087 perpendicularis
1604 3026 1658 3073 et
1698 3027 1882 3074 rectae
1922 3019 2046 3083 BD,
2088 3028 2143 3075 et
2188 3014 2284 3072 [45]
