2456 4016
445 313 571 369 fore
616 321 860 385 quatuor
906 312 1071 368 rectis
1117 330 1312 368 omnes
1358 311 1525 366 simul
1571 311 1810 383 angulos
1856 310 2269 382 triangulorum

444 404 626 469 ADB,
681 404 854 469 CDB,
907 412 1138 475 propter
1187 404 1330 459 duos
1382 401 1606 458 additos
1677 410 1859 457 rectos
1910 401 2148 473 angulos
2199 402 2270 456 ad

442 505 712 567 punctum
745 496 814 550 D.
890 497 1020 551 Hoc
1051 503 1264 550 stante:
1296 493 1551 550 neutrius
1581 494 1755 549 modo
1787 493 2068 549 dictorum
2098 492 2272 548 trian-

443 588 724 659 gulorum,
756 596 818 643 ut
870 596 1008 658 puta
1035 586 1218 650 ADB,
1250 595 1364 641 tres
1394 585 1560 641 simul
1591 585 1782 656 anguli
1812 584 2061 639 minores
2090 592 2270 648 erunt,

443 688 541 735 aut
568 678 819 749 majores
851 678 1070 734 duobus
1102 677 1267 733 rectis
1284 696 1296 742 ;
1327 696 1460 732 nam
1490 677 1569 732 sic
1598 677 1886 732 viceversa
1916 675 2145 731 alterius
2175 675 2274 731 tri-

444 770 636 843 anguli
663 779 777 825 tres
805 770 972 825 simul
999 769 1191 841 anguli
1217 768 1468 839 majores
1499 769 1706 833 forent,
1737 777 1834 824 aut
1859 768 2107 822 minores
2136 768 2274 823 duo-

446 862 548 917 bus
600 861 779 919 rectiS.
874 861 1068 932 Quare
1129 860 1232 927 (ex
1282 878 1433 915 nona
1482 860 1689 931 hujus)
1749 860 1821 915 ab
1869 878 1984 914 uno
2048 858 2275 930 quidem

444 954 731 1025 triangulo
762 952 1107 1008 stabiliretur
1129 951 1463 1024 hypothesis
1494 951 1685 1023 anguli
1716 950 1883 1015 acuti,
1914 959 1970 1006 et
1999 950 2069 1006 ab
2098 950 2276 1006 altero

446 1045 772 1116 hypothesis
814 1044 1007 1116 anguli
1056 1040 1152 1095 [21]
1200 1043 1416 1110 obtusi;
1457 1044 1609 1114 quod
1652 1051 1930 1114 repugnat
1970 1051 2179 1107 sextae,
2223 1051 2277 1097 et

446 1137 716 1207 septimae
748 1135 937 1207 hujus,
1012 1135 1197 1208 Igitur
1227 1144 1342 1190 tres
1374 1135 1540 1190 simul
1570 1134 1763 1206 anguli
1795 1133 2088 1204 utriusque
2119 1152 2277 1205 prae-

446 1228 729 1285 dictorum
766 1228 1185 1299 triangulorum
1223 1227 1484 1297 aequales
1521 1236 1687 1283 erunt
1724 1225 1944 1282 duobus
1982 1225 2176 1291 rectis;
2215 1245 2277 1280 ac

448 1329 745 1391 propterea
791 1320 896 1391 (ex
930 1338 1082 1375 nona
1119 1319 1327 1390 hujus)
1373 1318 1686 1375 stabilietur
1722 1318 2049 1389 hypothesis
2087 1316 2277 1389 anguli

449 1412 600 1467 recti.
672 1412 845 1484 Quod
874 1421 995 1467 erat
1024 1411 1209 1482 primo
1239 1411 1363 1466 loeo
1392 1411 1914 1466 demonstrandum.

567 1504 669 1560 Sin
697 1513 887 1559 autem
914 1512 1029 1559 tres
1058 1502 1251 1574 anguli
1280 1502 1555 1573 propositi
1584 1501 1852 1573 trianguli
1884 1501 2041 1559 ABC
2067 1520 2280 1573 ponan-

449 1605 543 1652 tur
587 1595 841 1667 majores
889 1595 1109 1651 duobus
1160 1594 1354 1660 rectis;
1403 1594 1525 1665 jam
1574 1595 1818 1649 duorum
1865 1593 2279 1665 triangulorum

450 1687 632 1752 ADB,
676 1687 831 1744 CDB
871 1704 1067 1742 omnes
1108 1686 1275 1742 simul
1314 1685 1506 1757 anguli
1545 1685 1797 1755 majores
1836 1693 2002 1741 erunt
2040 1694 2281 1756 quatuor

451 1778 633 1844 rectis,
675 1787 906 1849 propter
946 1779 1089 1834 duos
1131 1778 1355 1833 additos
1398 1786 1579 1832 rectos
1622 1777 1860 1849 angulos
1900 1778 1973 1834 ad
2013 1785 2282 1847 punctum

452 1872 521 1926 D.
607 1872 738 1927 Hoc
779 1879 991 1939 stante:
1034 1869 1289 1926 neutrius
1329 1870 1503 1925 modo
1545 1869 1826 1925 dictorum
1867 1868 2281 1940 triangulorum

450 1972 565 2018 tres
590 1962 757 2018 simul
782 1961 974 2035 anguli
1000 1962 1260 2032 aequales
1286 1960 1534 2032 praecise
1559 1969 1740 2025 erunt,
1759 1969 1856 2016 aut
1880 1960 2128 2016 minores
2146 1961 2284 2016 duo-

452 2055 554 2110 bus
588 2054 782 2120 rectis;
814 2072 947 2109 nam
979 2054 1057 2109 sic
1088 2053 1376 2108 viceversa
1408 2052 1637 2108 alterius
1669 2052 1938 2123 trianguli
1970 2061 2084 2107 tres
2118 2051 2282 2107 simul

452 2147 644 2218 anguli
668 2145 920 2217 majores
948 2146 1141 2201 forent
1164 2145 1384 2201 duobus
1409 2144 1588 2200 rectis,
1655 2144 1849 2215 Quare
1882 2144 1986 2215 (ex
2009 2162 2161 2200 nona
2183 2144 2285 2199 hu-

453 2237 581 2309 jus)
623 2238 693 2293 ab
724 2256 840 2294 uno
873 2237 1102 2308 quidem
1133 2236 1421 2308 triangulo
1453 2235 1796 2291 stabiliretur
1829 2230 2162 2307 hypothesis
2189 2244 2285 2292 aut

454 2330 646 2402 anguli
682 2328 835 2394 recti,
871 2338 968 2385 aut
1000 2328 1193 2400 anguli
1226 2327 1392 2392 acuti,
1427 2336 1482 2383 et
1514 2327 1585 2383 ab
1616 2327 1795 2382 altero
1828 2326 2155 2397 hypothesis
2188 2346 2285 2382 an-

456 2421 572 2493 guli
614 2420 818 2485 obtusi,
862 2422 1015 2491 quod
1058 2428 1336 2492 repugnat
1376 2418 1621 2490 quintae,
1666 2427 1876 2483 sextae,
1921 2428 1976 2474 et
2017 2418 2286 2490 septimae

456 2513 644 2585 hujus,
726 2512 912 2585 Igitur
947 2521 1063 2567 tres
1102 2511 1269 2567 simul
1306 2510 1499 2583 anguli
1538 2510 1831 2581 utriusque
1870 2510 2284 2581 praedictorum

455 2604 874 2677 triangulorum
909 2603 1162 2674 majores
1198 2611 1364 2659 erunt
1401 2601 1620 2658 duobus
1657 2601 1852 2667 rectis;
1890 2621 1954 2657 ac
1991 2610 2286 2672 propterea

468 2697 573 2767 (ex
623 2714 776 2752 nona
825 2694 1032 2766 hujus)
1094 2693 1408 2750 stabilietur
1459 2693 1786 2764 hypothesis
1839 2693 2030 2765 anguli
2083 2693 2283 2749 obtusi.

459 2789 630 2860 Quod
663 2796 783 2844 erat
815 2788 1063 2843 secundo
1094 2786 1218 2842 loeo
1252 2785 1772 2841 demonstrandum.
