2456 4016
453 298 775 345 troversum
814 289 1185 346 Euclidaeum
1223 289 1475 346 Axioma
1512 290 1654 347 citra
1692 310 1919 347 omnem
1955 292 2282 362 petitionem

453 379 713 451 principii
761 381 910 436 clare
958 382 1341 437 demonstrem
1357 400 1370 447 ;
1417 400 1707 453 nunquam
1756 383 1965 438 idcirco
2013 381 2283 439 adhibens

453 489 528 526 ex
561 471 697 542 ipsis
731 471 1013 543 prioribus
1049 472 1206 528 Libri
1243 472 1409 543 primi
1447 473 1737 529 Euclidaei
1776 473 2280 545 Propositionibus.

454 581 570 618 non
598 565 772 619 modo
803 563 1138 636 vigesimam
1168 563 1482 634 septimam,
1514 574 1612 620 aut
1642 564 1977 637 vigesimam
2007 574 2282 630 octavam,

454 655 553 710 sed
576 673 679 710 nec
702 654 853 726 ipsas
878 654 1106 726 quidem
1130 656 1407 710 decimam
1431 665 1668 721 sextam,
1696 666 1794 712 aut
1818 657 2095 712 decimam
2120 657 2286 727 septi·-

453 764 623 811 mam,
651 747 760 801 nisi
786 746 880 802 ubi
906 747 1056 802 clare
1080 757 1284 819 agatur
1311 749 1379 802 de
1406 747 1692 819 triangulo
1719 749 1873 803 omni
1906 745 1997 799 [xi]
2030 768 2103 803 ex
2128 757 2285 819 parte

454 837 894 908 circumscripto,
969 840 1120 894 Tum
1151 839 1208 892 in
1240 839 1552 909 posteriore
1583 849 1758 910 parte,
1792 842 1865 895 ad
1895 858 2104 895 novam
2135 840 2286 911 ejus-

454 931 584 984 dem
607 929 934 985 Axiomatis
958 930 1448 985 confirmationem
1472 933 1873 986 demonstrabo
1897 950 2013 987 non
2036 932 2145 986 nisi
2171 951 2286 986 rec-

454 1030 572 1076 tam
605 1021 812 1077 lineam
844 1040 965 1077 esse
998 1040 1178 1092 posse,
1213 1040 1355 1093 quae
1388 1023 1649 1078 omnibus
1683 1024 1798 1079 suis
1832 1023 2051 1093 punctis
2086 1043 2119 1078 a
2152 1042 2286 1094 qua-

454 1114 588 1168 dam
635 1113 927 1184 supposita
977 1122 1128 1169 recta
1178 1114 1325 1169 linea
1375 1114 1725 1185 aequidistet.
1819 1116 2050 1170 Horum
2098 1124 2284 1171 autem

456 1204 751 1260 occasione
803 1205 987 1275 prima
1053 1205 1175 1275 ipsa
1240 1205 1538 1261 universae
1591 1207 1947 1263 Geometriae
2002 1207 2286 1277 Principia

457 1295 643 1367 rigido
684 1296 933 1351 examini
976 1296 1328 1368 subjicienda
1369 1298 1459 1352 hic
1500 1316 1620 1352 esse
1661 1298 1848 1353 nullus
1891 1307 1990 1362 est,
2036 1298 2130 1368 qui
2173 1316 2286 1352 non

454 1387 659 1443 videat.

571 1480 829 1535 Transeo
855 1481 927 1534 ad
954 1480 1095 1535 alios
1122 1482 1265 1536 duos
1293 1499 1502 1536 naevos
1532 1481 1755 1537 Euclidi
1782 1481 2051 1552 objectos,
2122 1481 2288 1536 Prior

456 1570 682 1641 respicit
709 1570 1096 1626 definitionem
1123 1581 1345 1627 sextam
1370 1573 1528 1627 Libri
1557 1573 1736 1643 quinti
1766 1591 1933 1643 super
1960 1592 2134 1643 aeque
2161 1591 2288 1644 pro-

455 1662 895 1732 portionalibus:
925 1663 1217 1718 Posterior
1245 1663 1649 1719 Definitionem
1677 1665 1932 1735 quintam
1959 1666 2115 1720 Libri
2144 1665 2288 1720 sexti

456 1773 624 1824 super
650 1755 1058 1825 compositione
1086 1755 1385 1810 rationum.
1432 1756 1546 1811 Hic
1574 1765 1764 1812 autern
1790 1757 1896 1811 erit
1923 1757 2151 1812 secundi
2179 1757 2289 1812 mei

454 1845 614 1900 Libri
642 1845 841 1901 unicus
870 1865 1088 1917 scopuS,
1119 1856 1182 1902 ut
1209 1846 1451 1903 dilucide
1480 1848 1755 1918 explicem
1781 1849 2072 1919 praefatas
2102 1849 2289 1904 Eucli-

457 1938 627 1993 daeas
674 1937 1065 2003 Definitiones‚
1114 1939 1392 2009 simulque
1438 1940 1734 1995 ostendam
1778 1958 1893 1995 non
1937 1959 2117 2010 aequo
2162 1940 2290 2011 jure

456 2030 562 2084 hac
592 2028 651 2084 in
681 2039 841 2100 parte
872 2030 1127 2086 Euclidis
1158 2049 1366 2085 nomen
1395 2040 1667 2087 vexatum
1700 2031 1893 2087 fuisse.

574 2122 817 2176 Prodest
853 2130 1045 2177 tamen
1082 2140 1310 2178 rursum
1346 2141 1729 2193 praemonere,
1770 2124 2221 2180 demonstratum
2258 2143 2289 2179 a

456 2230 547 2268 me
576 2212 644 2267 iri
674 2214 779 2269 hac
806 2213 1101 2269 occasione
1130 2232 1307 2270 unum
1333 2215 1622 2285 quoddam
1650 2214 1917 2279 Axioma,
1949 2216 2101 2285 quod
2129 2215 2291 2271 tutis-

458 2304 598 2359 sime
642 2323 744 2375 per
787 2323 1015 2360 omnem
1062 2306 1447 2362 Geometriam
1491 2315 1764 2371 versetur,
1814 2306 1934 2362 sine
1980 2307 2290 2378 indigentia

458 2395 608 2452 illius
648 2396 950 2462 Postulati‚
996 2397 1099 2452 sub
1140 2397 1369 2453 nomine
1412 2397 1737 2453 Axiomatis
1781 2399 1852 2453 ab
1894 2398 2291 2468 interpretibus

468 2488 563 2559 (ut
587 2487 746 2558 reor)
781 2488 1001 2553 intrusi,
1027 2488 1193 2559 cujus
1217 2507 1352 2544 usus
1376 2489 1571 2560 incipit
1593 2491 1665 2544 ad
1695 2489 1777 2544 18.
1807 2490 2003 2559 quinti.
2039 2486 2148 2541 [xii]
