2456 4016
413 284 790 356 pendicularis
821 303 894 340 ex
921 294 1133 356 puncto
1163 286 1221 340 K
1249 288 1452 341 educta
1480 305 1677 343 versus
1707 297 1895 359 partes
1926 289 2100 359 ipsius
2131 289 2244 345 AX

413 394 708 432 occurrere
740 377 871 432 huic
901 376 1100 432 debeat
1131 376 1188 431 in
1219 377 1409 448 aliquo
1440 388 1648 448 puncto
1677 380 1727 433 L
1758 379 1905 434 inter
1935 389 2141 450 puncta
2172 381 2243 446 A,

413 476 468 523 et
498 467 564 522 M
595 467 932 533 constituto;
962 486 1032 521 ne
1062 467 1271 523 scilicet
1311 468 1541 539 (contra
1577 468 1658 524 17.
1693 469 1892 541 primi)
1932 489 2121 526 secare
2152 473 2246 527 de-

412 559 540 614 beat
569 559 900 615 alterutram
933 558 1056 623 AB,
1091 568 1188 615 aut
1222 559 1350 614 MN
1383 560 1871 631 perpendiculares
1904 561 2086 618 eidem
2118 564 2240 618 ΒΧ.

413 650 584 721 Quod
616 659 716 706 etc.

1034 848 1436 897 PROPOSITIO
1467 851 1620 896 XXV.

410 967 478 1024 Si
511 969 657 1023 duae
691 977 876 1025 rectae
920 970 1044 1041 (fiy.
1084 971 1209 1041 30.)
1253 971 1385 1038 AX,
1422 973 1533 1027 ΒΧ
1566 973 1625 1027 in
1661 974 1858 1028 eodem
1892 976 2060 1045 plano
2099 976 2244 1031 exis-

567 1068 747 1115 tentes
794 1061 940 1132 (una
974 1060 1201 1132 quidem
1238 1064 1341 1119 sub
1380 1066 1587 1135 anyulo
1628 1073 1791 1120 acuto
1828 1066 1889 1120 in
1922 1074 2130 1136 puncto
2169 1069 2237 1135 Α,

566 1160 621 1206 et
651 1153 830 1207 altera
860 1152 920 1207 in
948 1161 1158 1223 puncto
1190 1155 1240 1207 Β
1272 1155 1812 1225 perpendiculariter
1841 1155 2107 1213 insistens
2137 1158 2245 1230 ipsi

562 1243 703 1314 ΑΒ)
738 1244 819 1299 ita
844 1246 916 1299 ad
940 1263 1001 1300 se
1027 1244 1268 1300 invicem
1294 1255 1518 1317 semper
1541 1246 1726 1317 mayis
1753 1250 2022 1304 accedant
2046 1268 2244 1306 versus

561 1327 753 1406 partes
787 1344 1128 1406 punctorum
1165 1337 1241 1403 X,
1280 1346 1345 1392 ut
1381 1337 1750 1394 nihilominus
1789 1341 2093 1396 earundem
2132 1342 2244 1397 dis-

565 1426 744 1483 tantia
781 1436 1005 1498 semper
1042 1428 1234 1500 major
1271 1428 1347 1484 sit
1385 1429 1675 1500 assignata
1713 1432 1958 1501 quadam
1999 1433 2243 1504 lonyitu—

563 1519 711 1585 dine,
741 1519 1054 1574 destruitur
1080 1520 1407 1591 hypothesis
1434 1521 1629 1591 anyuli
1655 1521 1819 1577 acuti.

526 1650 981 1707 Demonstratur.
1049 1652 1360 1724 Assignata
1383 1654 1454 1709 sit
1478 1654 1776 1726 longitudo
1801 1657 1867 1710 R.
1938 1658 1998 1713 Si
2023 1676 2160 1729 ergo
2186 1658 2242 1713 in

408 1760 474 1796 ea
500 1741 608 1795 ΒΧ
635 1752 894 1798 sumatur
918 1745 1196 1813 quaedam
1223 1745 1332 1800 ΒΚ
1357 1746 1767 1815 quantumlibet
1791 1748 2088 1818 multiplex
2115 1768 2242 1820 pro-

407 1833 624 1903 positae
655 1833 1027 1905 longitudinis
1060 1836 1142 1901 R;
1173 1845 1394 1891 constat
1436 1838 1540 1907 (ex
1570 1840 1938 1908 praecedente
1973 1841 2232 1912 Scholio)

407 1925 929 1995 perpendicularem
963 1946 1036 1981 ex
1071 1937 1280 1997 puncto
1316 1930 1374 1983 K
1409 1930 1669 1984 eductam
1704 1949 1901 1986 versus
1938 1941 2124 2002 partes
2161 1932 2242 2003 ip-

407 2014 524 2071 sius
550 2015 664 2070 AX
692 2016 748 2071 in
775 2017 964 2088 aliquo
991 2028 1200 2088 puncto
1224 2020 1274 2073 L
1298 2019 1481 2074 eidem
1506 2039 1898 2088 occursuram;
1925 2042 1989 2078 ac
2015 2042 2241 2081 rursum

417 2107 522 2177 (ex
553 2118 846 2178 praesente
879 2110 1209 2181 hypothesi)
1250 2120 1471 2185 constat
1502 2131 1627 2167 eam
1659 2115 1769 2167 KL
1797 2115 2081 2184 majorem
2115 2116 2241 2171 fore

406 2199 693 2269 praedicta
721 2196 1076 2271 longitudine
1105 2202 1172 2256 R.
1246 2204 1431 2259 Porro
1459 2203 1805 2275 intelligatur
1835 2207 1945 2261 ΒΚ
1973 2207 2155 2263 divisa
2184 2208 2241 2262 in

406 2290 696 2360 portiones
733 2292 866 2357 KK,
907 2293 1167 2363 aequales
1204 2293 1455 2365 singulas
1493 2295 1598 2365 ipsi
1636 2296 1705 2360 R,
1745 2315 1921 2367 usque
1958 2298 2094 2353 dum
2132 2300 2240 2354 KB

407 2382 657 2453 aequalis
690 2382 762 2437 sit
795 2383 899 2453 ipsi
933 2384 1274 2455 longitudini
1309 2386 1375 2439 R.
1453 2387 1711 2441 Tandem
1744 2407 1880 2443 vero
1914 2408 1986 2443 ex
2020 2390 2239 2460 punctis

408 2473 465 2528 K
487 2483 704 2529 erectae
729 2474 841 2530 sint
865 2476 937 2530 ad
963 2476 1070 2529 ΒΧ
1094 2476 1584 2546 perpendiculares
1610 2489 1967 2535 occurrentes
1993 2481 2098 2552 ipsi
2125 2482 2236 2537 AX

408 2565 466 2619 in
500 2565 721 2635 punctis
754 2566 820 2630 L,
859 2567 938 2631 H,
976 2567 1047 2631 D,
1086 2568 1169 2631 M,
1205 2586 1383 2638 usque
1418 2570 1490 2623 ad
1524 2578 1795 2639 punctum
1832 2572 1888 2626 N
1923 2573 2238 2643 proximius

405 2665 616 2726 puncto
649 2656 718 2711 A.
793 2657 925 2728 Jam
959 2658 1039 2713 sic
1071 2659 1422 2730 progredior.

523 2748 710 2804 Erunt
756 2749 861 2819 (ex
899 2750 1067 2819 Prop.
1110 2751 1509 2821 praecedente)
1558 2761 1802 2823 quatuor
1840 2754 2007 2810 simul
2046 2756 2235 2828 anguli

406 2838 773 2910 quadrilateri
811 2840 1063 2905 KHLK,
1105 2840 1423 2897 remotioris
1462 2842 1531 2898 ab
1568 2862 1632 2899 ea
1667 2843 1786 2900 basi
1824 2844 1947 2911 AB,
1986 2846 2236 2918 majores

1288 3508 1356 3545 τεο
