2456 4016
445 327 617 395 quam
664 333 802 395 puto
851 323 1107 380 omnium
1157 322 1617 388 efficacissimam,
1669 342 1734 379 ac
1783 323 2272 394 simplicissimam,

446 424 640 485 utpote
674 434 817 486 quae
853 415 1043 471 subest
1076 415 1379 479 communi,
1421 414 1740 479 facillimae,
1777 413 2274 486 paratissimaeque

447 506 841 576 experientiae.
922 506 982 563 Si
1019 506 1170 561 enim
1205 506 1263 560 in
1298 505 1524 570 circulo,
1562 505 1727 576 cujus
1763 514 2020 560 centrum
2054 506 2126 569 D,
2161 513 2275 560 tres

447 607 781 668 coaptentur
819 597 943 668 (fig.
976 596 1102 667 22.)
1142 605 1325 652 rectae
1355 597 1534 652 lineae
1565 597 1679 661 CB,
1713 597 1829 660 BL,
1860 595 1985 659 LA,
2018 596 2275 666 aequales

447 689 703 761 singulae
746 689 907 744 radio
950 688 1073 753 DC,
1118 688 1606 759 comperiaturque
1649 688 1848 759 juncta
1889 687 1995 743 AC
2036 687 2275 742 transire

447 799 546 851 per
573 789 830 836 centrum
859 781 929 844 D,
960 779 1097 835 satis
1126 779 1183 834 id
1211 779 1318 835 erit
1346 781 1418 835 ad
1447 780 1953 835 demonstrandum
1982 778 2273 834 intentum.

450 872 602 928 Nam
647 871 858 943 junctis
906 872 1029 935 DB,
1081 871 1204 935 DL,
1253 870 1365 926 tria
1411 870 1738 927 habebimus
1784 869 2085 941 triangula,
2135 888 2276 940 quae

458 964 562 1035 (ex
590 963 641 1018 8.
674 972 729 1019 et
760 961 808 1018 5.
841 961 1041 1033 primi)
1080 970 1202 1018 tum
1231 962 1378 1017 inter
1405 980 1463 1017 se
1494 961 1750 1026 invicem,
1781 970 1904 1017 tum
1932 960 2103 1016 etiam
2132 960 2189 1015 in
2219 979 2277 1015 se

448 1055 583 1125 ipsis
634 1054 857 1126 singula
906 1062 1072 1110 erunt
1121 1053 1510 1124 aequiangula.
1604 1052 1893 1125 Quoniam
1943 1051 2116 1124 igitur
2163 1061 2277 1108 tres

448 1146 614 1202 simul
648 1145 840 1217 anguli
874 1146 946 1201 ad
978 1153 1249 1215 punctum
1283 1145 1354 1209 D,
1388 1144 1658 1200 nimirum
1692 1144 1873 1208 ADL,
1906 1144 2085 1208 LDB,
2121 1143 2278 1199 BDC

447 1237 707 1309 aequales
736 1245 867 1293 sunt
904 1236 1009 1307 (ex
1040 1237 1124 1292 13.
1154 1236 1353 1306 primi)
1392 1235 1611 1293 duobus
1640 1235 1834 1302 rectis;
1863 1235 2082 1292 duobus
2110 1234 2277 1290 etiam

450 1328 615 1384 rectis
655 1328 915 1399 aequales
956 1337 1121 1384 erunt
1160 1337 1275 1383 tres
1316 1327 1482 1383 simul
1524 1327 1716 1398 anguli
1758 1326 2012 1397 cujusvis
2053 1327 2277 1383 illorum

447 1420 881 1492 triangulorum,
928 1428 991 1475 ut
1034 1428 1170 1490 puta
1213 1418 1482 1491 trianguli
1529 1419 1702 1475 BDC.
1791 1419 1984 1490 Quare
2038 1418 2143 1490 (ex
2188 1416 2275 1473 15.

448 1512 654 1583 hujus)
692 1511 939 1567 stabilita
965 1510 1095 1566 hinc
1121 1511 1228 1566 erit
1255 1510 1581 1582 hypothesis
1609 1509 1802 1582 anguli
1831 1510 1996 1577 recti;
2023 1529 2089 1566 ac
2114 1528 2280 1581 prop-

448 1613 602 1659 terea
655 1603 759 1674 (ex
801 1603 923 1674 jam
965 1612 1101 1658 nota
1147 1603 1233 1658 13.
1280 1602 1486 1673 hujus)
1540 1603 1991 1657 demonstratum
2033 1601 2279 1657 manebit

449 1695 586 1751 illud
623 1693 1086 1750 Pronunciatum.

567 1786 670 1843 Sin
708 1804 861 1851 vem,
903 1795 1032 1841 ante
1071 1804 1298 1841 omnem
1337 1794 1671 1841 attentatam
1711 1804 1809 1841 seu
1848 1784 2281 1841 demonstratio-

449 1896 596 1943 nem,
637 1896 736 1934 seu
777 1878 1073 1949 figuralem
1111 1877 1535 1941 exhibitionem,
1577 1877 1843 1932 conferre
1882 1876 2029 1932 inter
2067 1895 2126 1932 se
2165 1877 2280 1947 pla-

449 1978 571 2025 ceat
603 1971 717 2026 duo
749 1969 843 2025 illa
877 1968 1277 2033 Pronunciata‚
1315 1968 1504 2024 fateor
1535 1987 1668 2024 sane
1699 1968 2069 2024 Euclidaeum
2101 1968 2279 2024 videri

450 2080 615 2132 posse
652 2060 963 2125 obscuriuS,
1004 2069 1101 2117 aut
1139 2060 1310 2116 etiam
1352 2060 1589 2116 falsitati
1629 2060 1955 2116 obnoxium.
2037 2059 2116 2115 At
2155 2068 2281 2129 post

451 2153 747 2224 figuralem
772 2152 1194 2217 exhibitionem,
1223 2170 1394 2223 quam
1422 2150 1650 2208 Scholio
1676 2151 1779 2207 IV.
1808 2152 2170 2222 consequenti
2198 2170 2281 2205 re-

450 2263 633 2309 servo,
678 2243 957 2299 constabit
998 2243 1287 2299 viceversa
1332 2242 1779 2299 Pronunciatum
1822 2242 2050 2313 quidem
2093 2243 2281 2298 Eucli-

451 2337 656 2391 daeum
691 2335 932 2391 retinere
966 2353 1130 2406 posse
1166 2334 1516 2406 dignitatem,
1554 2352 1618 2389 ac
1651 2352 1858 2389 nomen
1895 2333 2278 2398 Pronunciati,

451 2428 691 2483 alterum
725 2446 862 2482 vero
898 2426 1046 2482 inter
1081 2427 1461 2482 Theoremata
1497 2425 1811 2496 computari
1847 2426 2024 2481 tutius
2062 2426 2277 2482 debere.

571 2518 684 2575 Sed
717 2518 808 2573 hic
841 2517 1122 2588 explicare
1156 2518 1333 2573 debeo
1377 2517 1576 2588 (prout
1610 2517 1778 2587 paulo
1812 2526 1941 2573 ante
1974 2535 2064 2571 me
2100 2517 2282 2572 factu-

452 2628 579 2666 rum
621 2609 932 2680 spopondi)
983 2608 1351 2665 manifestam
1394 2608 1505 2664 isto
1547 2608 1604 2663 in
1647 2627 1851 2680 genere
1894 2608 2281 2679 disparitatem

452 2701 599 2757 inter
644 2701 851 2756 lineam
897 2700 1244 2765 circularem,
1293 2709 1348 2755 et
1394 2699 1601 2755 lineam
1648 2708 1873 2755 rectam.
1963 2699 2280 2770 Disparitas

452 2801 641 2849 aut-em
667 2811 740 2848 ex
767 2811 835 2848 eo
862 2791 1073 2858 oritur;
1101 2792 1253 2862 quod
1282 2800 1433 2846 recta
1460 2790 1688 2861 quidem
1716 2790 1863 2847 linea
1891 2791 2098 2847 dicitur
2124 2792 2196 2847 ad
2223 2809 2281 2846 se

453 2883 661 2955 ipsam;
691 2883 980 2939 circularis
996 2901 1149 2947 vero,
1169 2891 1230 2938 ut
1261 2891 1396 2953 puta
1423 2882 1547 2953 (fig.
1567 2882 1693 2952 23.)
1721 2882 2060 2947 MDHNM,
2079 2900 2193 2937 non
2211 2884 2281 2938 ad
