2456 4016
422 282 788 354 consequitur
838 300 973 338 sane
1025 282 1281 338 absolute
1332 300 1532 338 verum
1583 300 1721 348 esse,
1776 283 1929 354 quod
1981 281 2249 338 distantia

420 374 588 431 unius
631 374 703 430 ab
745 374 923 430 altera
964 373 1384 445 praedictarum
1428 382 1725 439 rectarum,
1772 374 1819 429 si
1864 374 1923 429 in
1967 372 2250 430 infinitum

419 467 822 537 producantur,
865 465 1058 536 major
1097 465 1171 520 sit
1213 464 1460 535 qualibet
1502 464 1660 521 finita
1701 464 2027 537 assignabili
2069 464 2250 537 longi-

420 557 631 613 tudine.

1131 740 1470 788 SCHOLION
1507 742 1543 786 Ι.

787 877 861 932 In
890 894 1002 948 quo
1037 875 1378 948 expenditur
1408 886 1644 933 conatus
1673 875 1880 933 Procli.

540 996 679 1050 Post
719 996 770 1051 T
774 997 1101 1052 heoremata
1140 1014 1174 1051 a
1212 1015 1303 1051 me
1343 997 1451 1052 huc
1490 1015 1668 1068 usque
1707 998 2094 1053 demonstrata
2134 997 2253 1053 sine

422 1086 536 1142 ulla
568 1087 943 1157 dependentia
973 1088 1044 1143 ab
1075 1087 1172 1143 illo
1205 1088 1591 1144 Pronunciato
1623 1089 1949 1153 Euclidae0‚
1984 1089 2057 1144 ad
2089 1088 2254 1160 cujus

421 1196 622 1249 nempe
653 1178 1074 1234 exactissimam
1104 1180 1647 1235 demonstrationem
1678 1180 1870 1236 omnia
1902 1180 2254 1251 conspirant;

423 1287 627 1341 operae
656 1269 901 1341 pretium
935 1271 1224 1327 facturum
1252 1290 1343 1327 me
1372 1271 1585 1342 judic0‚
1619 1272 1664 1326 si
1697 1273 2056 1342 quorundam
2085 1272 2254 1328 etiam

423 1360 795 1418 celebriorum
828 1362 1264 1419 Geometrarum
1295 1363 1516 1418 labores
1550 1363 1607 1418 in
1641 1364 1879 1419 eandem
1910 1360 2255 1419 me-[ssoltam

423 1453 886 1510 contendentium
930 1454 1232 1526 diligenter
1274 1452 1605 1525 expendam.
1694 1455 1911 1525 Incipio
1955 1474 1989 1510 a
2033 1455 2253 1519 Proc10‚

423 1544 590 1616 cujus
639 1554 724 1601 est
771 1546 922 1616 apud
972 1546 1235 1602 Clavium
1304 1546 1362 1601 in
1411 1546 1721 1601 Elementis
1772 1555 1899 1617 post
1967 1546 2252 1603 XXVIII.

424 1636 582 1692 Libri
618 1636 786 1707 primi
822 1655 1061 1708 sequens
1096 1646 1479 1708 assumptum:
1516 1637 1583 1693 Si
1616 1639 1685 1693 ab
1720 1657 1834 1693 uno
1869 1646 2076 1709 puncto
2114 1639 2259 1693 duae

425 1735 612 1783 rectae
635 1726 817 1784 lineae
841 1730 1113 1799 angulum
1137 1728 1417 1801 facientes
1440 1728 1660 1800 infinite
1682 1730 2086 1800 producantur,
2114 1729 2258 1801 ipsa-

426 1837 554 1874 rum
583 1818 855 1875 distantia
883 1838 1107 1876 omnem
1134 1819 1355 1891 finitam
1384 1820 1833 1891 maynitudinem
1864 1823 2110 1876 excedet.
2181 1821 2260 1876 At

430 1911 667 1967 Proclus
703 1912 1056 1967 demonstrat
1090 1912 1319 1983 quidem
1365 1912 1459 1983 (ut
1495 1912 1570 1968 ibi
1607 1913 1817 1983 optime
1852 1913 2097 1969 advertit
2134 1914 2260 1970 Cla-

429 2001 589 2073 vius)
633 2004 774 2059 duas
811 2011 991 2059 rectas
1037 2002 1161 2075 (fig.
1198 2003 1325 2074 20.)
1368 2013 1431 2059 ut
1465 2012 1601 2074 puta
1636 2004 1773 2069 AH,
1811 2004 1924 2059 AD
1959 2005 2029 2060 ab
2063 2006 2259 2060 eodem

429 2103 639 2166 puncto
674 2094 730 2149 A
763 2104 1035 2151 exeuntes
1069 2113 1268 2152 versus
1303 2096 1531 2152 easdem
1565 2104 1769 2167 parteS,
1807 2114 2027 2167 semper
2060 2096 2259 2168 magiS,

431 2186 489 2242 in
519 2186 745 2257 majore
776 2186 1046 2243 distantia
1078 2187 1150 2243 ab
1180 2206 1248 2243 eo
1280 2196 1489 2258 puncto
1522 2187 1594 2252 A,
1631 2187 1777 2243 inter
1808 2206 1867 2243 se
1900 2188 2127 2253 distare,
2164 2189 2263 2244 sed

431 2296 547 2333 non
575 2278 747 2334 etiam
775 2278 855 2334 ita
884 2287 946 2335 ut
974 2297 1040 2334 ea
1069 2278 1339 2334 distantia
1367 2287 1581 2334 crescat
1608 2279 1759 2334 ultra
1785 2298 2012 2335 omnem
2042 2279 2262 2336 finitum

433 2368 839 2442 designabilem
878 2369 1132 2435 limitem,
1174 2379 1343 2441 prout
1381 2388 1523 2441 opus
1565 2370 1717 2426 foret
1756 2372 1829 2427 ad
1869 2370 2044 2442 ipsius
2085 2371 2265 2427 inten-

432 2470 570 2517 tum.
644 2461 777 2532 Quo
808 2462 934 2517 loco
965 2462 1260 2532 praefatus
1294 2461 1524 2518 Clavius
1557 2462 1729 2517 affert
1760 2463 2083 2533 exemplum
2116 2464 2266 2521 Con-

433 2552 651 2608 choidis
677 2552 1072 2617 Nicomedeae,
1100 2571 1243 2624 quae
1267 2571 1395 2608 cum
1420 2562 1571 2608 recta
1595 2552 1714 2608 AH
1740 2572 1812 2609 ex
1835 2555 2034 2610 eodem
2058 2564 2265 2626 puncto

436 2644 492 2698 A
540 2662 738 2700 versus
788 2645 1016 2700 easdem
1064 2653 1252 2714 partes
1302 2643 1513 2709 exienS,
1568 2644 1646 2700 ita
1695 2663 1917 2716 semper
1962 2646 2145 2718 magis
2196 2646 2266 2702 ab

436 2736 634 2791 eadem
677 2736 902 2801 recedit,
947 2745 1009 2791 ut
1050 2744 1240 2791 tamen
1283 2735 1534 2806 ipsarum
1575 2736 1845 2792 distantia
1886 2756 2001 2792 non
2043 2737 2151 2793 nisi
2194 2738 2266 2793 ad

437 2827 718 2883 infinitam
767 2828 1075 2883 earundem
1124 2827 1570 2898 productionem,
1622 2828 1871 2898 aequalis
1922 2828 1993 2884 sit
2043 2829 2266 2885 cuidam

439 2918 630 2974 finitae
673 2927 856 2974 rectae
898 2918 1005 2973 AB
1047 2918 1585 2990 perpendiculariter
1627 2918 1905 2974 insistenti
1950 2919 2085 2990 ipsis
2128 2920 2265 2985 AH,

439 3010 556 3076 BC,
592 3028 790 3066 versus
824 3010 1052 3066 easdem
1086 3019 1273 3081 partes
1309 3009 1367 3064 in
1402 3009 1687 3066 infinitum
1721 3010 2035 3081 protractis,
2114 3011 2267 3084 Quid
