2456 4016
436 288 494 324 se
535 269 717 339 ipsam
757 267 1022 339 congruit
1060 286 1191 324 cum
1232 267 1560 323 definitione
1600 268 1831 339 propria
1872 267 2047 338 ipsius
2087 268 2271 324 lineae

438 369 637 415 rectae.
706 358 901 430 Quare
926 377 1214 414 assumere
1240 360 1382 414 duas
1410 367 1590 413 rectas
1617 359 1793 413 lineas
1821 359 1924 414 sub
1950 358 2058 414 ista
2082 358 2270 430 aequi-

438 449 742 506 distantiae
773 450 992 506 ratione
1024 450 1170 505 inter
1201 468 1260 506 se
1288 450 1589 520 parallelas
1621 450 1848 505 fallacia
1877 459 1979 515 est,
2012 468 2184 520 quam
2214 449 2274 504 in

442 541 732 613 praedicta
783 560 913 597 mea
962 542 1181 613 Logica
1232 541 1454 611 appello
1507 540 1875 612 Definitionis
1926 542 2271 611 complexae,

439 633 609 704 juxta
639 651 811 704 quam
841 633 1035 688 irritus
1066 641 1151 688 est
1181 632 1367 688 omnis
1396 650 1730 704 progressus
1763 634 1836 687 ad
1867 633 2275 703 assequendam

441 724 739 780 veritatem
772 724 1028 780 absolute
1059 723 1246 779 talem.

559 816 754 872 Unam
789 824 980 870 tamen
1017 832 1310 886 superesse
1345 815 1531 871 adhuc
1565 815 1733 871 video
1769 814 2144 870 necessariam
2181 814 2280 870 ob-

444 907 838 962 servationem.
932 906 1086 961 Nam
1131 907 1340 962 lineam
1387 906 1722 978 jungentem
1769 915 2026 961 extrema
2072 915 2279 977 puncta

443 998 700 1053 omnium
723 997 1045 1068 aequalium
1067 997 1614 1068 perpendiculorum,
1641 1016 1783 1068 quae
1808 998 1865 1052 in
1889 998 2090 1053 eodem
2111 997 2285 1068 plano

444 1107 643 1145 versus
688 1091 916 1144 easdem
958 1098 1148 1159 partes
1192 1089 1485 1161 erigantur
1528 1108 1562 1144 a
1606 1089 1844 1160 singulis
1886 1088 2109 1160 punctis
2153 1089 2282 1144 sub—

445 1180 628 1251 jectae
671 1189 856 1235 rectae
898 1180 1078 1235 lineae
1119 1180 1244 1246 AB,
1287 1180 1490 1236 debere
1531 1199 1652 1236 esse
1693 1190 1749 1236 et
1791 1180 2082 1251 aequalem
2123 1198 2285 1250 prae-

447 1271 630 1327 dictae
655 1271 780 1336 AB,
810 1280 865 1326 et
892 1290 1120 1327 rursum
1147 1272 1205 1327 in
1233 1271 1417 1342 seipsa
1443 1281 1669 1337 rectam,
1703 1271 1873 1327 fateri
1901 1289 2098 1327 omnes
2124 1271 2287 1326 volu-

446 1381 590 1418 mus,
674 1363 787 1419 Sed
828 1363 956 1419 dico
992 1363 1150 1434 prius
1189 1381 1310 1418 esse
1349 1365 1500 1434 apud
1538 1382 1660 1428 nOS,
1703 1364 1856 1433 quod
1895 1363 2144 1433 aequalis
2184 1362 2285 1428 sit3

448 1453 652 1509 deinde
677 1462 883 1519 autem,
911 1456 1064 1525 quod
1090 1464 1256 1510 recta.
1307 1455 1454 1511 Cum
1479 1455 1629 1509 enim
1656 1454 1880 1525 singula
1905 1463 2112 1525 puncta
2137 1453 2291 1509 illius

450 1554 635 1601 rectae
665 1545 773 1600 AB
807 1545 1044 1618 intelligi
1078 1546 1297 1617 possint
1331 1564 1552 1617 semper
1584 1545 1952 1616 aequabiliter
1983 1546 2287 1616 procedere

450 1655 551 1707 per
594 1655 697 1693 sua
742 1637 838 1693 illa
881 1638 1280 1708 perpendicula
1326 1639 1398 1693 ad
1448 1638 1814 1693 formandam
1858 1638 2090 1692 tandem
2134 1636 2288 1691 illam

451 1728 898 1799 qualemcunque
944 1729 1079 1796 CD;
1123 1729 1498 1785 manifestum
1542 1728 1724 1805 videri
1770 1729 1950 1793 debet,
1996 1729 2150 1799 quod
2194 1728 2289 1782 illa

451 1820 857 1891 qualiscunque
892 1820 1082 1892 genita
1117 1821 1223 1877 CD
1258 1820 1507 1891 aequalis
1544 1821 1616 1875 sit
1650 1820 1833 1875 eidem
1868 1820 2004 1886 AB;
2038 1837 2293 1890 praeser-

455 1911 560 1966 tim
612 1929 767 1976 vem,
823 1912 869 1967 si
919 1912 1292 1982 respiciamus
1345 1912 1782 1982 explicationem
1854 1920 2179 1967 contentam
2230 1911 2288 1965 in

457 2002 688 2059 Scholio
722 2002 797 2058 ΙΙ.
836 2014 963 2075 post
1004 2000 1128 2056 [101]
1168 2003 1484 2060 XXXVII.
1522 2004 1713 2074 hujuS‚
1751 2003 1845 2059 ubi
1880 2005 1987 2058 hoc
2021 2011 2290 2073 punctum

454 2094 765 2151 clarissime
802 2096 1255 2151 demonstratum
1290 2104 1388 2151 est.

575 2186 689 2242 Sed
723 2196 921 2257 postea
955 2205 1165 2259 magna
1200 2188 1385 2243 adhuc
1422 2196 1596 2242 restat
1632 2186 1930 2242 difficultas
1967 2186 2025 2241 in
2061 2187 2293 2241 demon-

457 2279 709 2342 strandO,
755 2280 908 2349 quod
951 2279 1046 2334 illa
1088 2280 1286 2334 eadem
1328 2279 1408 2333 sic
1450 2278 1641 2350 genita
1684 2278 1790 2334 CD
1831 2296 1947 2333 non
1988 2277 2097 2331 nisi
2142 2285 2294 2332 recta

457 2369 605 2424 linea
641 2369 728 2425 sit.
807 2369 997 2440 Atque
1032 2370 1163 2425 hinc
1200 2370 1418 2425 facturn
1453 2388 1574 2425 esse
1609 2378 1763 2440 put0,
1802 2377 1865 2424 ut
1900 2388 1973 2423 ex
2007 2368 2294 2424 communi

458 2462 705 2531 quadam
753 2461 1119 2531 persuasione
1170 2470 1382 2516 rectam
1429 2461 1653 2525 lineam,
1704 2479 1808 2531 pro
1861 2460 2119 2515 faciliore
2167 2477 2296 2530 pro-

460 2570 675 2623 gressu,
721 2552 1026 2608 maluerint
1069 2570 1445 2623 praesumere,
1492 2562 1555 2608 ut
1600 2552 1729 2607 inde
1774 2552 2066 2622 aequalem
2110 2560 2297 2607 osten-

461 2645 659 2699 derent
689 2643 768 2698 illi
799 2644 919 2699 basi
951 2644 1074 2708 AB,
1108 2662 1172 2699 ac
1202 2653 1398 2714 postea
1427 2644 1709 2698 inferrent
1741 2652 1923 2698 rectos
1953 2643 2192 2714 angulos
2224 2643 2296 2698 ad

460 2735 643 2806 ipsam
675 2735 848 2798 talem
880 2735 1216 2807 jungentem
1252 2736 1372 2792 CD.
1452 2736 1598 2790 Dico
1631 2744 1822 2791 autem
1852 2753 2120 2805 maynam
2154 2733 2298 2804 diffi-

462 2827 759 2882 cultatem:
789 2827 942 2882 Nam
968 2827 1125 2897 prius
1151 2828 1471 2897 expendere
1497 2827 1793 2897 oportebat
1818 2835 1933 2881 tres
1960 2827 2304 2897 hypotheses

463 2918 611 2974 circa
642 2919 883 2990 angulos
915 2917 988 2974 ad
1021 2918 1176 2973 illam
1207 2919 1466 2989 junctam
1496 2927 1708 2974 rectam
1744 2919 1866 2982 CD,
1899 2917 2170 2973 nimirum
2202 2926 2299 2972 aut

465 3019 665 3075 rectOS,
696 3010 742 3065 si
770 3011 891 3081 ipsa
917 3009 1168 3081 aequalis
1195 3010 1268 3065 sit
1293 3010 1414 3066 basi
1442 3009 1579 3077 AB;
1606 3018 1703 3065 aut
1730 3010 1980 3074 obtusos,
2010 3009 2055 3063 si
2083 3008 2304 3074 minor,-
