2456 4016
404 302 604 373 magiS,
642 301 761 357 sine
796 302 911 357 ullo
946 311 1099 358 certo
1134 302 1311 358 limite
1345 305 1608 361 accedere
1643 306 1715 361 ad
1749 307 1985 362 alteram
2020 325 2238 380 semper

405 393 793 448 continuatam
817 393 945 448 AX.

1020 558 1504 605 COROLLARIUM
1533 561 1622 606 III.

522 672 692 727 Unde
732 674 963 727 tandem
1004 673 1080 737 fit,
1124 682 1187 729 ut
1225 674 1296 729 ab
1336 674 1432 730 illa
1471 674 1584 730 AX
1625 695 1805 747 neque
1845 678 1919 732 ad
1959 677 2237 734 infinitam

404 763 664 833 ejusdem
695 764 1126 834 productionem
1159 765 1335 820 secari
1365 766 1544 836 possit
1575 767 1697 838 ipsa
1729 768 1866 834 BX;
1897 768 2030 839 quia
2059 779 2237 826 caete-

406 873 532 909 rum
577 874 650 910 ex
695 856 943 925 quodam
990 856 1138 911 illius
1186 856 1299 910 AX
1346 857 1495 912 ultra
1540 859 1887 928 praedictam
1933 860 2237 916 sectionem

403 955 612 1016 puncto
652 946 886 1018 intelligi
927 957 1117 1016 posset
1157 948 1401 1003 demissa
1439 950 1512 1004 ad
1552 950 1657 1004 AB
1697 952 2032 1020 productam
2071 970 2237 1022 quae-

404 1039 536 1092 dam
565 1038 1043 1108 perpendicularis
1073 1039 1217 1104 ZM;
1247 1041 1396 1095 unde
1426 1059 1652 1096 rursum
1683 1041 1856 1106 fieret,
1887 1051 1950 1097 ut
1979 1043 2100 1113 ipsa
2130 1045 2235 1098 ΒΧ

414 1129 643 1200 (contra
686 1139 1040 1199 praesentem
1082 1131 1472 1201 hypothesim)
1524 1151 1638 1187 non
1682 1134 1754 1187 ad
1799 1133 2094 1199 infinitam,
2139 1137 2237 1190 sed

403 1221 637 1276 omnino
671 1222 743 1276 ad
778 1221 997 1275 finitam
1033 1222 1362 1277 distantiam
1396 1233 1715 1279 occurreret
1751 1225 2068 1294 praedictae
2104 1226 2232 1281 AX.

406 1313 518 1368 Sed
547 1314 653 1367 hoc
680 1322 1030 1383 postremum
1060 1313 1272 1368 dictum
1301 1314 1372 1369 sit
1400 1315 1549 1370 ultra
1576 1316 1981 1371 necessitatem.
2020 1313 2115 1369 [57]

999 1499 1127 1544 PRO
1135 1498 1401 1545 POSITIO
1434 1500 1642 1546 XXVII.

401 1609 469 1665 Si
498 1619 651 1666 recta
679 1612 796 1665 ΑΧ
839 1613 964 1683 (fiy.
1000 1614 1125 1684 32.)
1165 1616 1269 1669 sub
1302 1615 1508 1686 aliquO,
1541 1625 1605 1671 ut
1635 1615 1785 1682 libet,
1817 1626 1994 1688 parvo
2028 1620 2235 1689 angulo

557 1703 759 1758 educta
786 1723 857 1759 ex
884 1714 1092 1774 puncto
1119 1706 1171 1759 A
1202 1705 1380 1776 ipsius
1405 1707 1532 1773 AB,
1565 1727 1858 1763 occurrere
1888 1710 2114 1765 tandem
2144 1711 2237 1766 de-

557 1794 684 1849 beat
722 1796 952 1866 (saltem
983 1798 1056 1852 ad
1085 1796 1364 1868 infinitam
1396 1798 1756 1870 distantiam)
1798 1800 1976 1856 cuivis
2002 1810 2235 1872 perpen-

556 1885 796 1941 diculari
827 1888 954 1954 ΒΧ,
992 1907 1135 1959 quae
1170 1890 1243 1944 ad
1277 1890 1699 1960 quandamlibet
1733 1893 1802 1946 ab
1838 1911 1902 1948 eo
1936 1901 2144 1963 puncto
2179 1894 2232 1948 A

557 1976 884 2033 distantiam
934 1979 1171 2034 excitari
1235 1981 1586 2051 intelliyatur
1629 1991 1801 2052 super
1846 2003 1911 2039 ea
1956 1983 2235 2040 incidente

553 2069 662 2123 ΑΒ
682 2090 692 2124 :
730 2070 875 2125 Dico
912 2072 1129 2127 nullum
1163 2073 1285 2142 jani
1320 2073 1453 2144 fore
1488 2074 1672 2129 locuni
1710 2075 2008 2145 hypothesi
2042 2076 2235 2147 anguli

556 2160 721 2216 acuti.

519 2294 974 2351 Demonstratur.
1046 2297 1138 2351 Ex
1166 2298 1414 2367 quodam
1441 2307 1650 2369 puncto
1678 2300 1735 2354 K
1762 2318 1937 2371 prope
1964 2310 2233 2372 punctum

402 2384 472 2449 A,
506 2386 578 2440 ad
609 2385 831 2442 libitum
862 2387 918 2442 in
950 2387 1071 2458 ipsa
1103 2389 1207 2442 AB
1240 2389 1552 2460 designatO,
1586 2390 1839 2462 erigatur
1869 2392 1941 2447 ad
1973 2392 2079 2447 AB
2111 2412 2234 2465 per-

401 2477 777 2546 pendicularis
819 2479 941 2543 KL‚
985 2498 1126 2550 quae
1167 2480 1359 2550 utique
1411 2481 1515 2551 (ex
1556 2482 1684 2538 Cor.
1731 2481 1805 2536 II.
1850 2485 2233 2553 praecedentis

403 2568 851 2639 Propositionis)
892 2580 1148 2626 occurret
1182 2571 1284 2641 ipsi
1320 2571 1432 2626 AX
1466 2573 1538 2627 ad
1570 2572 1803 2638 finitam,
1839 2592 1937 2630 seu
1967 2576 2233 2632 termina-

1283 3531 1353 3565 142
